2334 3625
338 192 453 256 588
913 209 972 256 P.
1017 209 1253 254 vinoun
1282 209 1545 256 mincius

336 321 699 386 Cunctantem
727 323 989 404 amplexu
1015 324 1173 384 molli
1201 325 1349 386 fovet
1364 329 1393 386 't
1425 325 1526 386 illc
1548 343 1612 387 re
1652 327 1783 387 ente

332 402 564 484 Accepit
591 403 813 466 solitam
839 405 1157 479 flammam,
1190 409 1555 484 notusquem
1630 406 1771 466 ullas
1852 457 1859 460 .

333 481 567 544 Intravit
593 483 775 560 calor-,5
801 490 858 544 et
883 482 1156 545 labefacta
1185 502 1289 563 per
1314 483 1718 544 ossa-cucurrit
1749 505 1767 544 :
2014 485 2156 550 390

334 560 384 621 N
388 580 464 622 on
485 563 652 624 secus
681 570 848 642 atque
875 561 1013 624 olim
1032 561 1245 644 ‘tonitru
1274 581 1449 642 quum
1476 570 1639 642 rupta
1666 582 1901 640 corusco

333 639 502 716 Ignea
526 640 671 702 rima
695 643 918 704 micans,
931 642 1217 722 percurrit
1242 641 1455 702 lumine
1482 641 1727 703 nimbos,

334 717 520 780 Sensit
546 720 672 786 laet'a
701 721 844 782 dolis
870 728 926 780 et
952 721 1148 780 formae
1177 719 1405 780 conscia
1434 722 1661 798 conjux.

303 845 306 852 .
335 798 476 859 Tum
504 802 694 878 pater¹
725 806 936 860 aeterno
963 799 1110 860 fatur
1133 799 1421 860 devinctus
1448 817 1641 860 amore
1675 820 1689 859 z

337 897 366 936 <c
399 876 546 948 Quid
572 897 767 940 causas
795 877 936 959 petis
957 889 1034 939 'ex
1060 879 1211 938 alto?
1236 878 1443 940 fiducia
1468 878 1641 940 'cessit
2012 879 2141 942 395

332 955 454 1027 Quo
483 957 584 1019 tibi
603 1007 619 1036 ,
651 957 808 1034 diva‚·
840 958 995 1018 mei?
1029 956 1239 1018 Similis
1266 957 1315 1018 si
1344 976 1477 1018 cura
1502 957 1727 1034 fuisset,
2084 964 2091 974 ’

333 1035 476 1097 Tum
506 1039 731 1118 quoque
758 1038 840 1098 fas
859 1037 1030 1100 nobis
1059 1036 1305 1098 Teucros
1332 1055 1553 1099 armare
1580 1036 1806 1112 fuisset3

331 1117 450 1178 Nec
476 1125 635 1197 pater
661 1116 1017 1197 omnipotens
1037 1115 1267 1208 Troja'm
1294 1135 1399 1178 nec
1426 1115 1533 1178 fata
1556 1115 1815 1176 vetabant

339 1197 494 1260 Stare
514 1245 529 1274 ‚
569 1198 763 1258 decem
805 1215 877 1256 ue
903 1196 1044 1257 alios
1072 1195 1358 1256 Priamum
1384 1213 1685 1276 superesse
1713 1211 1815 1274 per
1842 1213 2025 1256 annos

331 1276 403 1336 Et
427 1295 577 1337 nunc
595 1323 610 1352 ,
641 1274 690 1336 si
716 1276 786 1335 be
809 1276 924 1336 lare
952 1293 1148 1355 paraS‚
1176 1281 1344 1354 atque
1372 1275 1497 1336 haec
1522 1273 1625 1336 tibi
1650 1292 1815 1334 mens
1840 1282 1962 1350 est,
2006 1273 2136 1336 400

333 1354 620 1434 Quidquid
642 1354 704 1416 in
735 1361 854 1438 arte
877 1358 1003 1416 mea
1029 1372 1261 1434 possum
1290 1354 1616 1434 promittere
1642 1357 1823 1428 cu‘rae‚

333 1435 496 1507 Quod
526 1433 650 1495 fieri
675 1435 825 1496 ferro
853 1433 1134 1514 liquidove
1161 1439 1346 1514 potest
1370 1434 1576 1494 electro
1592 1481 1607 1510 ,

333 1513 610 1584 Quantum
639 1513 797 1591 ignes
823 1513 1140 1592 animaeque
1165 1514 1372 1589 valent,
1405 1511 1610 1573 absiste
1638 1511 1918 1593 precando

333 1591 564 1652 Viribus
591 1592 914 1654 indubitare
942 1593 1072 1654 tuis,
1109 1613 1138 1653 ›>
1170 1590 1248 1653 Ea
1274 1591 1445 1653 verba
1472 1588 1693 1652 locutus
1709 1638 1725 1668 ‚
1961 1589 1969 1598 ’

338 1669 568 1748 Optatos
598 1671 751 1732 dedit
777 1673 1066 1751 amplexus
1085 1720 1099 1749 ‚
1133 1671 1528 1750 placidumque
1556 1671 1747 1752 petivit
2002 1668 2129 1732 405

333 1747 611 1827 Conjugis
637 1749 856 1810 infusus
880 1750 1096 1827 gremio
1126 1768 1229 1829 per
1255 1749 1511 1811 membra
1537 1769 1820 1831 soporem.

407 1828 545 1889 Inde
571 1827 670 1889 ubi
702 1828 884 1908 prima
909 1829 1127 1907 quies&
1157 1829 1347 1889 medio
1370 1830 1489 1907 jam
1518 1830 1708 1891 noctis·
1725 1828 1937 1891 abactae

331 1906 650 1984 Curriculo,
683 1908 972 1987 expulerat
985 1926 1291 1984 somnum3
1324 1927 1499 1987 quum
1512 1909 1740 1993 ‘semina
1769 1908 2051 1989 primum,

331 1986 437 2049 Cui
467 1985 710 2048 tolerare
740 1987 862 2049 colo
889 1988 1060 2049 vitam
1083 1986 1351 2066 tenuique
1376 1986 1653 2049 Minerva³
2066 2000 2075 2013 ⁸

328 2064 695 2148 Impositum,
728 2065 976 2127 cinerem
1004 2075 1060 2127 et
1085 2066 1299 2146 sopitos
1324 2065 1557 2127 suscitat
1579 2067 1767 2145 igneS,
2001 2062 2125 2126 410

330 2144 568 2210 Noctem
598 2146 812 2211 addens
839 2146 1028 2225 operi,
1061 2146 1505 2225 famulasquead
1532 2146 1746 2208 lumina
1771 2146 1940 2223 longo

329 2224 574 2286 Exercet
607 2243 813 2306 penso,
844 2232 1058 2285 'castum
1082 2232 1144 2286 ut
1172 2242 1397 2286 servare
1426 2223 1609 2286 cubile

335 2303 600 2382 Conjugis
630 2312 686 2370 et
713 2304 889 2443 possit
917 2323 1115 2383 parvos
1143 2304 1385 2365 educere
1405 2310 1569 2364 natos
1601 2324 1617 2364 ε
1694 2328 1699 2335 ·

329 2381 494 2445 Haud
522 2384 686 2443 secus
739 2384 1064 2463 gnipotenS‚
1093 2402 1201 2445 nec
1226 2390 1337 2443 tem
1381 2401 1478 2444 ore
1502 2383 1729 2460 segnior
1754 2382 1851 2445 illo

333 2460 593 2527 Mollibus
619 2462 654 2523 e
681 2462 866 2525 stratis
893 2482 1064 2542 opera
1092 2463 1162 2523 ad
1190 2462 1334 2523 fabri
1356 2462 1409 2522 ia
1432 2462 1627 2539 surgit.
2002 2461 2125 2525 415

406 2540 594 2603 Insula
623 2540 914 2605 Sicanium·
929 2543 1090 2619 Juxta
1121 2542 1267 2603 latus
1292 2540 1645 2621 AEoliamque

327 2618 576 2699 Erigitur
603 2619 849 2701 Liparen
866 2668 881 2697 ‚
913 2620 1257 2681 fumantibus
1281 2620 1454 2681 ardua
1478 2620 1624 2681 saxis
1642 2668 1657 2697 ,

331 2697 509 2769 Quam
536 2700 730 2760 subter
756 2718 957 2779 specus
984 2707 1039 2761 et
1066 2697 1371 2779 Cyclopum
1396 2718 1561 2761 exesa
1588 2699 1822 2760 caminis

326 2775 501 2840 Antra
526 2784 720 2841 aetnaea
745 2786 970 2857 tonant,
998 2778 1277 2857 validique
1300 2776 1599 2842 incudibus
1622 2778 1767 2840 ictus

394 2972 604 3041 {Partem
623 2975 852 3025 Vulcano·
915 2978 918 2983 '
1244 2976 1393 3023 suefio
1416 2974 1623 3038 despues
1636 2976 1755 3027 dela
1768 2976 2118 3031 medianoche.

386 3033 416 3107 '²
443 3030 898 3107 Ubtprima'quies.
926 3037 1190 3100 Construye
1262 3080 1271 3089 .
1308 3036 1328 3069 ³
1372 3012 1615 3098 T'enuique
1661 3041 1903 3089 Minerva.
1940 3040 2027 3093 En
2074 3042 2123 3091 lu

330 3108 430 3141 asi:
469 3095 558 3143 Ubi
579 3099 748 3167 primu
773 3111 908 3157 queas
941 3100 1194 3163 expulerat
1240 3098 1396 3161 labor.
1436 3099 1713 3149 Metonimia
1756 3114 1769 3148 z
1810 3113 1901 3165 por
1936 3118 1996 3152 ue
2024 3103 2118 3153 ui·

329 3168 557 3205 somnum
581 3159 836 3223 curriculo
855 3160 1014 3209 medio
1033 3160 1192 3210 noctis
1244 3174 1393 3224 nerva
1433 3160 1513 3209 fue
1554 3160 1807 3213 inventore
1844 3162 1905 3213 de
1958 3163 2114 3218 hilar.

323 3214 436 3280 jam
456 3214 672 3289 ιᾳὶκιςῑίωη
709 3218 892 3272 Pasado
929 3219 975 3270 el
1013 3222 1194 3285 primer
1246 3218 1408 3286 coner,
1432 3227 1527 3272 etc.
