2334 3625
827 197 1031 244 «επις.
1075 199 1249 244 menn
1284 199 1327 244 1.
1372 161 1417 188 ⁵¹
1855 180 1973 242 {45

259 314 416 378 Talia
444 289 730 394 flammato
757 287 953 378 secum
979 315 1084 377 dea
1117 289 1291 377 corde
1316 283 1603 392 volutam,
1892 317 1973 378 50

69 409 74 444 ‘-
175 394 517 458 Nimborum
537 393 598 454 in
627 395 867 474 patriam
883 443 900 473 ,
923 395 1050 458 looa
1072 395 1183 458 seta
1212 394 1523 457 furentibus
1546 394 1765 456 Austris
1782 403 1825 474 ¹,

175 475 424 538 AEoliam
439 477 460 509 ¹
485 471 657 535 venit.
687 473 794 552 Hic
821 481 972 536 vasto
997 493 1098 535 rex
1118 473 1319 535 AEolus
1344 482 1505 536 antro

175 553 484 615 Luctantes
509 559 712 615 ventos
731 560 1203 645 tempestatesque
1224 572 1457 616 sonoras
1469 561 1493 596 ⁸

174 632 431 713 Imperio
458 631 702 712 premit,
731 651 796 694 ac
819 632 1018 694 vmolis
1045 651 1275 694 carcere
1296 634 1499 696 frenat.

177 712 272 774 Illi
297 711 655 791 indignantes
675 759 690 789 ,
717 731 922 790 magno
949 729 1079 774 cum
1105 717 1431 774 murmure*
1455 713 1663 774 montis
1900 714 1977 775 55
2055 725 2065 792 gf

175 791 418 854 Circum
444 791 688 852 claustra
712 792 978 852 fremunt.
1011 790 1172 853 Celsa
1196 792 1357 854 sedet
1385 791 1581 854 AEolus
1608 811 1741 854 arce
1758 797 1781 830 ⁵

181 869 290 932 See
336 878 422 932 tra
447 879 646 932 tenens
660 917 676 948 ,
707 871 998 951 mollitque
1025 871 1247 933 animos
1264 872 1309 948 ⁶,
1338 879 1395 934 et
1419 879 1695 954 temperat
1719 872 1854 934 iraS.

177 950 254 1011 Ni
300 950 444 1011 aciat
462 951 506 1027 ⁷,
536 949 712 1011 maria
736 969 802 1010 ae
829 959 1008 1012 terras
1033 951 1354 1030 coelumque
1377 952 1721 1031 profundum
1740 952 1785 999 ⁸·
1858 988 1863 997 ·

177 1029 410 1110 Quippe
436 1029 616 1090 serant
641 1029 824 1110 rapidi
851 1048 1044 1092 seeum
1059 1074 1080 1106 ,
1103 1049 1305 1090 vert-an
1406 1048 1441 1090 e
1466 1049 1569 1110 per
1593 1049 1779 1092 auras·
2058 1055 2065 1088 ι

175 1107 300 1170 Sed
328 1115 488 1189 pater
516 1108 905 1188 omnipotens⁹
930 1109 1217 1189 speluncis
1241 1107 1315 1170 ab
1358 1109 1459 1169 'dit
1479 1109 1614 1170 atris
1635 1155 1651 1185 ‚
1903 1108 1985 1169 60
2059 1089 2070 1172 ἶ

179 1187 310 1251 Hoc
341 1195 628 1263 metuens3
659 1187 866 1250 molem
945 1207 978 1249 e
1006 1196 1064 1248 et
1087 1195 1309 1249 montes
1334 1187 1463 1250 insu
1536 1207 1567 1248 r
1592 1189 1735 1248 altos

180 1267 497 1351 Imposuit;
527 1285 836 1347 regemque
895 1267 1048 1343 edit,
1079 1267 1177 1347 qui
1204 1267 1417 1330 foedere
1478 1275 1598 1330 erto
1608 1268 1652 1302 ¹⁰

179 1350 259 1411 Et
283 1365 550 1430 premere
571 1355 630 1406 et
655 1346 806 1407 laxas
825 1346 1000 1418 sciret
1023 1347 1164 1408 dare
1188 1348 1381 1438 jussus
1412 1347 1681 1409 habenas,

261 1428 355 1489 Ad
383 1444 553 1506 quem
580 1433 700 1486 tum
725 1424 872 1496 Juno
896 1427 1131 1506 supplex
1154 1427 1243 1486 his
1272 1426 1503 1488 vocibus
1528 1443 1629 1487 usa
1656 1432 1743 1487 est
1772 1445 1788 1486 t

184 1528 216 1569 α
245 1506 411 1569 AEole
440 1505 846 1586 (namque-tibi
873 1505 1063 1587 divum
1085 1512 1245 1584 pater
1265 1513 1429 1585 atque
1456 1505 1753 1566 hominum
1775 1503 1983 1566 >rex-(55

179 1587 258 1648 Et
284 1585 552 1647 mulcere.
565 1583 774 1645 dedit¹¹
801 1585 1004 1644 fluctus
1018 1632 1034 1661 ‚
1065 1592 1123 1645 et
1147 1585 1346 1646 tollere
1370 1585 1598 1664 vento),
1846 1619 1853 1631 ·

182 1666 338 1729 Gens
364 1662 594 1725 inimica
621 1662 763 1724 mihi
790 1661 1142 1742 Tyrrhenum
1167 1663 1293 1724 nav'
1334 1671 1391 1724 at
1414 1681 1630 1744 aequor,

180 1745 358 1806 Ilium
387 1743 448 1803 in
474 1743 686 1803 Italiam
715 1749 973 1823 portans5
996 1743 1287 1823 victosque
1358 1751 1549 1804 onates
1580 1763 1595 1804 ε

180 1826 385 1887 Incute
411 1822 524 1884 vim
551 1822 751 1900 ventis,
775 1822 1215 1902 submersasque
1240 1822 1417 1884 obrue
1443 1820 1695 1905 puppem

178 1906 299 1965 Aut
324 1922 427 1981 age
455 1902 739 1977 diversos,
771 1909 830 1962 et
853 1901 1052 1980 disjice
1081 1919 1317 1983 corpora
1344 1912 1535 1983 ponte.
1909 1900 1987 1965 70

181 1982 337 2044 Sunt
362 1982 507 2043 mihi
534 1980 624 2043 bis
651 1988 866 2061 septem
895 1982 1180 2061 praestanti
1210 1998 1307 2043 cer
1348 1998 1447 2043 ore
1472 1982 1775 2075 Nymphae‚

182 2063 440 2137 Quarum
455 2110 472 2140 ,
502 2076 629 2141 quae
655 2061 832 2122 forma
859 2058 1239 2142 pulcherrima
1260 2108 1276 2138 ,
1356 2067 1633 2143 ei'operam

1984 1343 1993 1372 ἱ

249 2303 272 2337 ¹
289 2292 834 2353 Furentibus'daoetris-
849 2303 1064 2352 Devien-
1116 2304 1163 2352 lo
1188 2318 1293 2352 mas
1320 2300 1419 2352 alto
1454 2303 1515 2353 de
1546 2303 1595 2353 la
1624 2306 1870 2357 montana.

181 2371 263 2414 tos
321 2364 548 2413 furiosos.
603 2366 774 2413 Austro
793 2404 809 2423 ‚
866 2366 1062 2429 propia-
1180 2366 1201 2399 ⁸
1244 2367 1495 2429 Mollitque
1550 2367 1760 2418 animo-3.
1816 2372 1989 2435 Apaei-

183 2431 353 2476 mente
379 2440 433 2474 es
459 2426 622 2475 viento
651 2426 712 2475 de
731 2427 996 2475 mediodia.
1115 2440 1214 2486 gua
1233 2441 1288 2474 su
1313 2427 1465 2491 furia,
1494 2442 1523 2491 y
1553 2429 1763 2480 refrenia
1789 2447 1879 2491 sus,
1900 2434 1990 2481 irn-

251 2490 275 2523 ²
307 2487 542 2537 AE’oliam.
583 2488 718 2537 Sesto
757 2488 872 2537 islas
926 2494 1062 2537 entre
1114 2493 1271 2551 petuS.
1520 2496 1541 2524 -'

183 2548 334 2599 Italia
361 2562 396 2610 y
420 2548 774 2597 Sicilia-tenian
801 2554 904 2597 este
923 2564 1062 2597 nom-
1178 2550 1200 2585 '¹
1233 2550 1298 2599 Ni
1322 2549 1509 2615 faciat,
1540 2558 1634 2602 eto.
1660 2554 1707 2603 Si
1738 2568 1803 2603 un
1836 2560 1989 2621 punto

183 2614 306 2673 bre,
337 2625 401 2675 po
497 2624 524 2658 e
543 2609 625 2659 alli
651 2610 1063 2659 reinoEolo.Lla-
1113 2626 1166 2661 se
1219 2609 1503 2663 desouidase
1528 2651 1547 2677 ‚
1596 2615 1896 2665 revolveriau
1943 2618 1992 2666 el
2062 2620 2075 2669 ².

181 2670 410 2722 maronie
474 2684 527 2719 os
566 2678 732 2734 poetas
757 2686 854 2736 -rey
889 2672 950 2721 do
991 2672 1084 2737 los·
1116 2675 1297 2725 mundo
1330 2688 1419 2723 con
1445 2682 1613 2725 enters.
1646 2678 1900 2727 confusion
1929 2676 1997 2730 de
2071 2677 2080 2739 ἱ,

181 2736 410 2795 mentm,
437 2746 623 2797 pot-que
649 2733 769 2782 solia
795 2734 1016 2797 predooir
1034 2737 1063 2784 a
1116 2736 1257 2785 todos
1275 2737 1350 2785 los
1376 2743 1541 2787 ouatro
1570 2739 1853 2789 elementos.
1872 2751 1882 2769 ⁸
1930 2726 1939 2750 '
2074 2742 2085 2769 ¹

183 2796 260 2844 los
284 2799 586 2855 naz-egentes
602 2794 673 2843 las
687 2796 1016 2867 tempestades
1032 2806 1080 2861 y·
1179 2798 1202 2832 ⁸
1236 2798 1517 2860 Coelumque
1542 2799 1860 2861 profundum.
1892 2800 1991 2850 En-

181 2858 428 2930 vpentos„
451 2870 542 2905 oon
583 2856 764 2917 grande
799 2857 1066 2919 inteligen-
1118 2858 1279 2909 tiende
1306 2860 1353 2909 el
1386 2860 1490 2908 aire
1517 2860 1623 2931 [εἰ
1648 2860 1815 2921 fuego.

185 2934 278 3017 ωδ*
293 2923 719 3043 ξ’θῗξιῗεῗεῖἑσεᾳίω
732 2986 961 3031 sonoras.
973 2982 1064 3031 Los
1182 2922 1230 3017 ΞΟ
1237 2912 1989 3051 Ρῧὲἔεβέηὲξῖἕξέεΐιῗιρὲζῗζ

185 3055 426 3091 uraeanes
449 3055 480 3103 y
508 3040 772 3091 horrescas.
1031 3098 1034 3109 Ι
1116 3045 1299 3095 viniese
1318 3085 1331 3105 ‚
1354 3046 1383 3093 6,
1408 3058 1491 3091 sus
1522 3041 1640 3093 tiem
1676 3048 1746 3094 os'.
1861 3065 1889 3077 ··

243 3102 274 3137 ⁴
309 3102 498 3165 Maqno
520 3110 938 3155 evm'murmure.
963 3106 1064 3155 Con
1182 3108 1228 3141 ¹¹
1263 3106 1330 3155 Et
1360 3106 1582 3156 mulcere
1684 3106 1773 3157 dit.
1816 3106 1883 3157 Te
1925 3108 1991 3157 ha

183 3162 410 3215 horrible
439 3164 724 3213 estruendo.
961 3192 966 3199 ·
1119 3169 1275 3217 lneeho
1314 3167 1491 3215 arbitro
1532 3167 1591 3217 de
1622 3167 1679 3218 *la
1720 3168 1937 3219 bonanza
1956 3180 1991 3232 s

249 3225 275 3261 ⁸
305 3222 451 3276 Celsa
492 3226 623 3275 sedet
648 3228 802 3279 Bolus
833 3242 964 3281 aree.
993 3230 1066 3279 En
1118 3230 1181 3277 de
1202 3229 1273 3279 las
1290 3229 1637 3293 tempestadeS.
