<?xml version="1.0" encoding="UTF-8"?>
<!DOCTYPE html PUBLIC "-//W3C//DTD XHTML 1.0 Transitional//EN"
    "http://www.w3.org/TR/xhtml1/DTD/xhtml1-transitional.dtd">
<html xmlns="http://www.w3.org/1999/xhtml" xml:lang="en" lang="en">
 <head>
  <title>
</title>
<meta http-equiv="Content-Type" content="text/html;charset=utf-8" />
  <meta name='ocr-system' content='tesseract 3.04.00' />
  <meta name='ocr-capabilities' content='ocr_page ocr_carea ocr_par ocr_line ocrx_word'/>
</head>
<body>
  <div class='ocr_page' id='page_1' title='image "./publiivirgiliim08virggoog_0362.png"; bbox 0 0 2334 3625; ppageno 0'>
   <div class='ocr_carea' id='block_1_1' title="bbox 287 136 1479 212">
    <p class='ocr_par' dir='ltr' id='par_1_1' title="bbox 287 136 1479 212">
     <span class='ocr_line' id='line_1_1' title="bbox 287 136 1479 212; baseline 0 -14"><span class='ocrx_word' id='word_1_1' title='bbox 287 136 404 200; x_wconf 82' lang='lat'>356</span> <span class='ocrx_word' id='word_1_2' title='bbox 878 149 935 194; x_wconf 82' lang='lat' dir='ltr'>P.</span> <span class='ocrx_word' id='word_1_3' title='bbox 955 149 1203 212; x_wconf 55' lang='lat' dir='ltr'>¹vnn-,1111</span> <span class='ocrx_word' id='word_1_4' title='bbox 1222 149 1479 198; x_wconf 68' lang='lat' dir='ltr'>mom</span> 
     </span>
    </p>
   </div>
   <div class='ocr_carea' id='block_1_2' title="bbox 265 250 2093 2563">
    <p class='ocr_par' dir='ltr' id='par_1_2' title="bbox 285 250 2083 427">
     <span class='ocr_line' id='line_1_2' title="bbox 285 250 2083 346; baseline 0.001 -17"><span class='ocrx_word' id='word_1_5' title='bbox 285 266 538 329; x_wconf 75' lang='lat' dir='ltr'>Volvitur</span> <span class='ocrx_word' id='word_1_6' title='bbox 564 273 768 330; x_wconf 79' lang='lat' dir='ltr'>attactu</span> <span class='ocrx_word' id='word_1_7' title='bbox 791 264 947 346; x_wconf 79' lang='lat' dir='ltr'>nullo</span> <span class='ocrx_word' id='word_1_8' title='bbox 963 265 1004 340; x_wconf 83' lang='lat'>¹,</span> <span class='ocrx_word' id='word_1_9' title='bbox 1032 263 1285 346; x_wconf 61' lang='lat' dir='ltr'>fallitque</span> <span class='ocrx_word' id='word_1_10' title='bbox 1310 250 1618 341; x_wconf 71' lang='lat' dir='ltr'>furentem,</span> <span class='ocrx_word' id='word_1_11' title='bbox 1778 319 1783 330; x_wconf 93' lang='lat'><em>.</em></span> <span class='ocrx_word' id='word_1_12' title='bbox 1952 263 2083 330; x_wconf 85' lang='lat'>350</span> 
     </span>
     <span class='ocr_line' id='line_1_3' title="bbox 285 342 1741 427; baseline -0.003 -18"><span class='ocrx_word' id='word_1_13' title='bbox 285 345 895 427; x_wconf 76' lang='lat' dir='ltr'>Vipereaminspirans</span> <span class='ocrx_word' id='word_1_14' title='bbox 925 343 1173 404; x_wconf 82' lang='lat' dir='ltr'>animam</span> <span class='ocrx_word' id='word_1_15' title='bbox 1204 343 1312 426; x_wconf 63' lang='lat' dir='ltr'>:tit</span> <span class='ocrx_word' id='word_1_16' title='bbox 1339 343 1525 412; x_wconf 83' lang='lat' dir='ltr'>tortile</span> <span class='ocrx_word' id='word_1_17' title='bbox 1552 342 1697 408; x_wconf 89' lang='lat' dir='ltr'>collo</span> <span class='ocrx_word' id='word_1_18' title='bbox 1734 395 1741 403; x_wconf 93' lang='lat'>.</span> 
     </span>
    </p>

    <p class='ocr_par' dir='ltr' id='par_1_3' title="bbox 286 421 1704 514">
     <span class='ocr_line' id='line_1_4' title="bbox 286 421 1704 514; baseline -0.001 -28"><span class='ocrx_word' id='word_1_19' title='bbox 286 425 502 486; x_wconf 89' lang='lat' dir='ltr'>Aurum</span> <span class='ocrx_word' id='word_1_20' title='bbox 529 427 724 503; x_wconf 83' lang='lat' dir='ltr'>ingens</span> <span class='ocrx_word' id='word_1_21' title='bbox 739 423 1004 504; x_wconf 79' lang='lat' dir='ltr'>coluber,</span> <span class='ocrx_word' id='word_1_22' title='bbox 1036 421 1100 485; x_wconf 75' lang='lat' dir='ltr'>fit</span> <span class='ocrx_word' id='word_1_23' title='bbox 1125 421 1309 514; x_wconf 76' lang='lat' dir='ltr'>longae</span> <span class='ocrx_word' id='word_1_24' title='bbox 1335 423 1509 492; x_wconf 68' lang='lat' dir='ltr'>taenia,</span> <span class='ocrx_word' id='word_1_25' title='bbox 1524 423 1704 502; x_wconf 77' lang='lat' dir='ltr'>vittae,</span> 
     </span>
    </p>

    <p class='ocr_par' dir='ltr' id='par_1_4' title="bbox 287 501 1749 584">
     <span class='ocr_line' id='line_1_5' title="bbox 287 501 1749 584; baseline -0.001 -20"><span class='ocrx_word' id='word_1_26' title='bbox 287 503 633 584; x_wconf 87' lang='lat' dir='ltr'>Innectitque</span> <span class='ocrx_word' id='word_1_27' title='bbox 661 522 850 575; x_wconf 75' lang='lat' dir='ltr'>comas</span> <span class='ocrx_word' id='word_1_28' title='bbox 867 548 884 580; x_wconf 91' lang='lat'>,</span> <span class='ocrx_word' id='word_1_29' title='bbox 917 509 973 562; x_wconf 91' lang='lat' dir='ltr'>et</span> <span class='ocrx_word' id='word_1_30' title='bbox 1000 501 1272 573; x_wconf 78' lang='lat' dir='ltr'>membris</span> <span class='ocrx_word' id='word_1_31' title='bbox 1299 501 1550 564; x_wconf 89' lang='lat' dir='ltr'>lubricus</span> <span class='ocrx_word' id='word_1_32' title='bbox 1578 507 1749 562; x_wconf 80' lang='lat' dir='ltr'>errat.</span> 
     </span>
    </p>

    <p class='ocr_par' dir='ltr' id='par_1_5' title="bbox 286 576 1595 672">
     <span class='ocr_line' id='line_1_6' title="bbox 286 576 1595 672; baseline -0.003 -28"><span class='ocrx_word' id='word_1_33' title='bbox 286 584 370 644; x_wconf 83' lang='lat' dir='ltr'>Ac</span> <span class='ocrx_word' id='word_1_34' title='bbox 390 631 406 660; x_wconf 90' lang='lat'>,</span> <span class='ocrx_word' id='word_1_35' title='bbox 439 585 572 644; x_wconf 89' lang='lat' dir='ltr'>dum</span> <span class='ocrx_word' id='word_1_36' title='bbox 601 583 782 664; x_wconf 84' lang='lat' dir='ltr'>prima</span> <span class='ocrx_word' id='word_1_37' title='bbox 807 581 928 644; x_wconf 87' lang='lat' dir='ltr'>lues</span> <span class='ocrx_word' id='word_1_38' title='bbox 954 576 1067 663; x_wconf 81' lang='lat' dir='ltr'>udo</span> <span class='ocrx_word' id='word_1_39' title='bbox 1095 581 1358 672; x_wconf 79' lang='lat' dir='ltr'>sublapsa</span> <span class='ocrx_word' id='word_1_40' title='bbox 1374 589 1595 642; x_wconf 80' lang='lat' dir='ltr'>&#39;veneno</span> 
     </span>
    </p>

    <p class='ocr_par' dir='ltr' id='par_1_6' title="bbox 287 659 2078 823">
     <span class='ocr_line' id='line_1_7' title="bbox 287 659 2078 740; baseline 0 -18"><span class='ocrx_word' id='word_1_41' title='bbox 287 661 573 723; x_wconf 80' lang='lat' dir='ltr'>Pertentat</span> <span class='ocrx_word' id='word_1_42' title='bbox 597 681 796 724; x_wconf 87' lang='lat' dir='ltr'>sensus</span> <span class='ocrx_word' id='word_1_43' title='bbox 825 669 990 740; x_wconf 77' lang='lat' dir='ltr'>atque</span> <span class='ocrx_word' id='word_1_44' title='bbox 1017 659 1239 720; x_wconf 89' lang='lat' dir='ltr'>ossibus</span> <span class='ocrx_word' id='word_1_45' title='bbox 1266 661 1519 740; x_wconf 78' lang='lat' dir='ltr'>lmplicat</span> <span class='ocrx_word' id='word_1_46' title='bbox 1543 660 1733 737; x_wconf 82' lang='lat' dir='ltr'>ignem</span> <span class='ocrx_word' id='word_1_47' title='bbox 1755 706 1771 736; x_wconf 95' lang='lat'>,</span> <span class='ocrx_word' id='word_1_48' title='bbox 1956 659 2078 722; x_wconf 87' lang='lat'>355</span> 
     </span>
     <span class='ocr_line' id='line_1_8' title="bbox 287 738 1827 823; baseline -0.001 -21"><span class='ocrx_word' id='word_1_49' title='bbox 287 741 541 802; x_wconf 80' lang='lat' dir='ltr'><strong>Necdum</strong></span> <span class='ocrx_word' id='word_1_50' title='bbox 571 742 792 802; x_wconf 86' lang='lat' dir='ltr'>animus</span> <span class='ocrx_word' id='word_1_51' title='bbox 819 747 931 800; x_wconf 88' lang='lat' dir='ltr'>toto</span> <span class='ocrx_word' id='word_1_52' title='bbox 961 738 1216 820; x_wconf 83' lang='lat' dir='ltr'>percepit</span> <span class='ocrx_word' id='word_1_53' title='bbox 1238 749 1469 823; x_wconf 77' lang='lat' dir='ltr'>pectore</span> <span class='ocrx_word' id='word_1_54' title='bbox 1496 740 1785 806; x_wconf 83' lang='lat' dir='ltr'>flammam</span> <span class='ocrx_word' id='word_1_55' title='bbox 1810 785 1827 817; x_wconf 91' lang='lat'>,</span> 
     </span>
    </p>

    <p class='ocr_par' dir='ltr' id='par_1_7' title="bbox 287 818 1981 980">
     <span class='ocr_line' id='line_1_9' title="bbox 288 818 1981 896; baseline -0.001 -16"><span class='ocrx_word' id='word_1_56' title='bbox 288 819 510 882; x_wconf 81' lang='lat' dir='ltr'>Mollius</span> <span class='ocrx_word' id='word_1_57' title='bbox 538 827 593 882; x_wconf 88' lang='lat' dir='ltr'>et</span> <span class='ocrx_word' id='word_1_58' title='bbox 615 820 778 882; x_wconf 89' lang='lat' dir='ltr'>solito</span> <span class='ocrx_word' id='word_1_59' title='bbox 808 827 1051 883; x_wconf 76' lang='lat' dir='ltr'>matrum</span> <span class='ocrx_word' id='word_1_60' title='bbox 1079 818 1148 879; x_wconf 90' lang='lat' dir='ltr'>de</span> <span class='ocrx_word' id='word_1_61' title='bbox 1177 837 1338 880; x_wconf 89' lang='lat' dir='ltr'>more</span> <span class='ocrx_word' id='word_1_62' title='bbox 1364 819 1548 880; x_wconf 83' lang='lat' dir='ltr'>locuta</span> <span class='ocrx_word' id='word_1_63' title='bbox 1576 826 1696 896; x_wconf 83' lang='lat' dir='ltr'>est,</span> <span class='ocrx_word' id='word_1_64' title='bbox 1819 877 1825 885; x_wconf 91' lang='grc'><em>,</em></span> <span class='ocrx_word' id='word_1_65' title='bbox 1976 870 1981 878; x_wconf 89' lang='grc'><em>.</em></span> 
     </span>
     <span class='ocr_line' id='line_1_10' title="bbox 287 897 1919 980; baseline -0.001 -20"><span class='ocrx_word' id='word_1_66' title='bbox 287 899 456 960; x_wconf 86' lang='lat' dir='ltr'>Multa</span> <span class='ocrx_word' id='word_1_67' title='bbox 485 919 656 980; x_wconf 89' lang='lat' dir='ltr'>super</span> <span class='ocrx_word' id='word_1_68' title='bbox 683 901 812 960; x_wconf 59' lang='lat' dir='ltr'>nata</span> <span class='ocrx_word' id='word_1_69' title='bbox 837 899 1153 978; x_wconf 75' lang='lat' dir='ltr'>lacrymans</span> <span class='ocrx_word' id='word_1_70' title='bbox 1182 898 1539 978; x_wconf 81' lang='lat' dir='ltr'>phrygiisque</span> <span class='ocrx_word' id='word_1_71' title='bbox 1566 897 1873 977; x_wconf 85' lang='lat' dir='ltr'>hymenaeis</span> <span class='ocrx_word' id='word_1_72' title='bbox 1902 917 1919 958; x_wconf 90' lang='lat'>:</span> 
     </span>
    </p>

    <p class='ocr_par' dir='ltr' id='par_1_8' title="bbox 288 974 2081 1298">
     <span class='ocr_line' id='line_1_11' title="bbox 373 974 1847 1058; baseline 0.001 -20"><span class='ocrx_word' id='word_1_73' title='bbox 373 999 402 1039; x_wconf 66' lang='lat' dir='ltr'>c</span> <span class='ocrx_word' id='word_1_74' title='bbox 434 978 807 1041; x_wconf 89' lang='lat' dir='ltr'>Exsulibusne</span> <span class='ocrx_word' id='word_1_75' title='bbox 833 978 994 1058; x_wconf 68' lang='lat' dir='ltr'>(latur</span> <span class='ocrx_word' id='word_1_76' title='bbox 1023 977 1281 1040; x_wconf 75' lang='lat' dir='ltr'>ducenda</span> <span class='ocrx_word' id='word_1_77' title='bbox 1308 977 1524 1040; x_wconf 81' lang='lat' dir='ltr'>Livinia</span> <span class='ocrx_word' id='word_1_78' title='bbox 1554 974 1783 1040; x_wconf 88' lang='lat' dir='ltr'>Teucris</span> <span class='ocrx_word' id='word_1_79' title='bbox 1801 977 1847 1055; x_wconf 78' lang='grc'>,’</span> 
     </span>
     <span class='ocr_line' id='line_1_12' title="bbox 288 1057 2081 1137; baseline 0 -14"><span class='ocrx_word' id='word_1_80' title='bbox 288 1057 621 1136; x_wconf 54' lang='lat' dir='ltr'>Oxgenitor‘?</span> <span class='ocrx_word' id='word_1_81' title='bbox 644 1078 751 1119; x_wconf 88' lang='lat' dir='ltr'>nec</span> <span class='ocrx_word' id='word_1_82' title='bbox 777 1066 832 1119; x_wconf 86' lang='lat' dir='ltr'>te</span> <span class='ocrx_word' id='word_1_83' title='bbox 860 1057 1091 1118; x_wconf 87' lang='lat' dir='ltr'>miseret</span> <span class='ocrx_word' id='word_1_84' title='bbox 1114 1065 1371 1137; x_wconf 85' lang='lat' dir='ltr'>nataeque</span> <span class='ocrx_word' id='word_1_85' title='bbox 1402 1061 1479 1118; x_wconf 81' lang='lat' dir='ltr'>tui</span> <span class='ocrx_word' id='word_1_86' title='bbox 1518 1077 1592 1118; x_wconf 88' lang='lat' dir='ltr'>ue</span> <span class='ocrx_word' id='word_1_87' title='bbox 1613 1104 1629 1134; x_wconf 89' lang='lat'>‚</span> <span class='ocrx_word' id='word_1_88' title='bbox 1954 1058 2081 1124; x_wconf 78' lang='lat'>360</span> 
     </span>
     <span class='ocr_line' id='line_1_13' title="bbox 288 1077 1955 1218; baseline 0.002 -20"><span class='ocrx_word' id='word_1_89' title='bbox 288 1133 408 1199; x_wconf 88' lang='lat' dir='ltr'>Nec</span> <span class='ocrx_word' id='word_1_90' title='bbox 433 1138 626 1200; x_wconf 80' lang='lat' dir='ltr'>matris</span> <span class='ocrx_word' id='word_1_91' title='bbox 663 1138 926 1214; x_wconf 88' lang='lat' dir='ltr'>miseret,</span> <span class='ocrx_word' id='word_1_92' title='bbox 957 1156 1125 1216; x_wconf 84' lang='lat' dir='ltr'>quam</span> <span class='ocrx_word' id='word_1_93' title='bbox 1153 1137 1337 1217; x_wconf 79' lang='lat' dir='ltr'>primo</span> <span class='ocrx_word' id='word_1_94' title='bbox 1363 1077 1642 1217; x_wconf 68' lang='lat' dir='ltr'>Aqu‘illone</span> <span class='ocrx_word' id='word_1_95' title='bbox 1670 1136 1955 1218; x_wconf 84' lang='lat' dir='ltr'>relinquet</span> 
     </span>
     <span class='ocr_line' id='line_1_14' title="bbox 289 1215 1791 1298; baseline -0.001 -20"><span class='ocrx_word' id='word_1_96' title='bbox 289 1216 548 1278; x_wconf 79' lang='lat' dir='ltr'>Perfidus</span> <span class='ocrx_word' id='word_1_97' title='bbox 568 1267 583 1296; x_wconf 95' lang='lat'>,</span> <span class='ocrx_word' id='word_1_98' title='bbox 606 1218 723 1279; x_wconf 70' lang='lat' dir='ltr'>elta</span> <span class='ocrx_word' id='word_1_99' title='bbox 751 1225 946 1297; x_wconf 85' lang='lat' dir='ltr'>petens</span> <span class='ocrx_word' id='word_1_100' title='bbox 963 1262 980 1292; x_wconf 88' lang='lat'>‚</span> <span class='ocrx_word' id='word_1_101' title='bbox 1010 1215 1249 1298; x_wconf 61' lang='lat' dir='ltr'>abducta</span> <span class='ocrx_word' id='word_1_102' title='bbox 1276 1216 1489 1293; x_wconf 75' lang='lat' dir='ltr'>,virgine</span> <span class='ocrx_word' id='word_1_103' title='bbox 1506 1265 1523 1294; x_wconf 93' lang='lat'>,</span> <span class='ocrx_word' id='word_1_104' title='bbox 1556 1217 1791 1296; x_wconf 83' lang='lat' dir='ltr'>praedo‘?</span> 
     </span>
    </p>

    <p class='ocr_par' dir='ltr' id='par_1_9' title="bbox 289 1295 1897 1456">
     <span class='ocr_line' id='line_1_15' title="bbox 289 1295 1897 1376; baseline -0.002 -17"><span class='ocrx_word' id='word_1_105' title='bbox 289 1295 365 1359; x_wconf 85' lang='lat' dir='ltr'>At</span> <span class='ocrx_word' id='word_1_106' title='bbox 390 1317 505 1358; x_wconf 89' lang='lat' dir='ltr'>non</span> <span class='ocrx_word' id='word_1_107' title='bbox 536 1298 618 1358; x_wconf 91' lang='lat' dir='ltr'>sic</span> <span class='ocrx_word' id='word_1_108' title='bbox 645 1295 913 1376; x_wconf 81' lang='lat' dir='ltr'>phrygius</span> <span class='ocrx_word' id='word_1_109' title='bbox 941 1302 1197 1376; x_wconf 85' lang='lat' dir='ltr'>penetrat</span> <span class='ocrx_word' id='word_1_110' title='bbox 1222 1295 1627 1357; x_wconf 73' lang='lat' dir='ltr'>Lacedaemona</span> <span class='ocrx_word' id='word_1_111' title='bbox 1650 1302 1843 1376; x_wconf 85' lang='lat' dir='ltr'>pastor</span> <span class='ocrx_word' id='word_1_112' title='bbox 1851 1303 1897 1376; x_wconf 72' lang='lat'>2,</span> 
     </span>
     <span class='ocr_line' id='line_1_16' title="bbox 291 1371 1865 1456; baseline -0.001 -20"><span class='ocrx_word' id='word_1_113' title='bbox 291 1371 667 1455; x_wconf 85' lang='lat' dir='ltr'>Ledaeamque</span> <span class='ocrx_word' id='word_1_114' title='bbox 695 1374 1239 1456; x_wconf 74' lang='lat' dir='ltr'>Helenamtrojanas</span> <span class='ocrx_word' id='word_1_115' title='bbox 1265 1374 1411 1436; x_wconf 88' lang='lat' dir='ltr'>vexit</span> <span class='ocrx_word' id='word_1_116' title='bbox 1438 1375 1509 1436; x_wconf 84' lang='lat' dir='ltr'>ad</span> <span class='ocrx_word' id='word_1_117' title='bbox 1536 1375 1735 1438; x_wconf 77' lang='lat' dir='ltr'>arces?</span> <span class='ocrx_word' id='word_1_118' title='bbox 1857 1375 1865 1389; x_wconf 88' lang='lat'><em>&#39;</em></span> 
     </span>
    </p>

    <p class='ocr_par' dir='ltr' id='par_1_10' title="bbox 290 1451 2079 1616">
     <span class='ocr_line' id='line_1_17' title="bbox 293 1451 2079 1534; baseline 0.004 -20"><span class='ocrx_word' id='word_1_119' title='bbox 293 1451 445 1524; x_wconf 87' lang='lat' dir='ltr'>Quid</span> <span class='ocrx_word' id='word_1_120' title='bbox 472 1463 567 1516; x_wconf 85' lang='lat' dir='ltr'>tua</span> <span class='ocrx_word' id='word_1_121' title='bbox 593 1462 782 1516; x_wconf 82' lang='lat' dir='ltr'>sancta</span> <span class='ocrx_word' id='word_1_122' title='bbox 809 1454 980 1531; x_wconf 87' lang='lat' dir='ltr'>fides,</span> <span class='ocrx_word' id='word_1_123' title='bbox 1014 1513 1016 1515; x_wconf 76' lang='grc'><strong>,</strong></span> <span class='ocrx_word' id='word_1_124' title='bbox 1051 1454 1150 1514; x_wconf 92' lang='lat' dir='ltr'>uid</span> <span class='ocrx_word' id='word_1_125' title='bbox 1174 1473 1308 1524; x_wconf 87' lang='lat' dir='ltr'>cura</span> <span class='ocrx_word' id='word_1_126' title='bbox 1336 1455 1564 1534; x_wconf 85' lang='lat' dir='ltr'>antiqua</span> <span class='ocrx_word' id='word_1_127' title='bbox 1594 1462 1849 1533; x_wconf 87' lang='lat' dir='ltr'>tuorum,</span> <span class='ocrx_word' id='word_1_128' title='bbox 1891 1513 1899 1523; x_wconf 84' lang='grc'>,</span> <span class='ocrx_word' id='word_1_129' title='bbox 1924 1463 1929 1468; x_wconf 81' lang='grc'>’</span> <span class='ocrx_word' id='word_1_130' title='bbox 1956 1453 2079 1520; x_wconf 84' lang='grc'>365</span> 
     </span>
     <span class='ocr_line' id='line_1_18' title="bbox 290 1529 1659 1616; baseline 0.001 -24"><span class='ocrx_word' id='word_1_131' title='bbox 290 1529 362 1593; x_wconf 86' lang='lat' dir='ltr'>Et</span> <span class='ocrx_word' id='word_1_132' title='bbox 387 1535 799 1612; x_wconf 84' lang='lat' dir='ltr'>consanguineo</span> <span class='ocrx_word' id='word_1_133' title='bbox 831 1533 992 1616; x_wconf 83' lang='lat' dir='ltr'>toties</span> <span class='ocrx_word' id='word_1_134' title='bbox 1059 1540 1148 1594; x_wconf 80' lang='lat' dir='ltr'>ata</span> <span class='ocrx_word' id='word_1_135' title='bbox 1179 1533 1403 1596; x_wconf 82' lang='lat' dir='ltr'>dextera</span> <span class='ocrx_word' id='word_1_136' title='bbox 1428 1532 1659 1594; x_wconf 79' lang='lat' dir='ltr'>Turno?</span> 
     </span>
    </p>

    <p class='ocr_par' dir='ltr' id='par_1_11' title="bbox 293 1609 1671 1692">
     <span class='ocr_line' id='line_1_19' title="bbox 293 1609 1671 1692; baseline 0.001 -21"><span class='ocrx_word' id='word_1_137' title='bbox 293 1609 354 1672; x_wconf 91' lang='lat' dir='ltr'>Si</span> <span class='ocrx_word' id='word_1_138' title='bbox 378 1630 552 1687; x_wconf 85' lang='lat' dir='ltr'>gener</span> <span class='ocrx_word' id='word_1_139' title='bbox 577 1617 806 1676; x_wconf 59' lang='lat' dir='ltr'>externe</span> <span class='ocrx_word' id='word_1_140' title='bbox 835 1613 1040 1692; x_wconf 85' lang='lat' dir='ltr'>petitur</span> <span class='ocrx_word' id='word_1_141' title='bbox 1064 1611 1135 1673; x_wconf 88' lang='lat' dir='ltr'>de</span> <span class='ocrx_word' id='word_1_142' title='bbox 1162 1621 1327 1690; x_wconf 87' lang='lat' dir='ltr'>gente</span> <span class='ocrx_word' id='word_1_143' title='bbox 1353 1611 1562 1674; x_wconf 81' lang='lat' dir='ltr'>Latinis</span> <span class='ocrx_word' id='word_1_144' title='bbox 1582 1659 1598 1689; x_wconf 89' lang='lat'>,</span> <span class='ocrx_word' id='word_1_145' title='bbox 1628 1617 1635 1624; x_wconf 83' lang='grc'><strong>’</strong></span> <span class='ocrx_word' id='word_1_146' title='bbox 1666 1618 1671 1624; x_wconf 88' lang='grc'><em>’</em></span> 
     </span>
    </p>

    <p class='ocr_par' dir='ltr' id='par_1_12' title="bbox 291 1687 2081 2008">
     <span class='ocr_line' id='line_1_20' title="bbox 291 1687 1876 1782; baseline 0.002 -33"><span class='ocrx_word' id='word_1_147' title='bbox 291 1687 468 1767; x_wconf 90' lang='lat' dir='ltr'>quue</span> <span class='ocrx_word' id='word_1_148' title='bbox 496 1689 688 1778; x_wconf 60' lang='lat' dir='ltr'>sedet,</span> <span class='ocrx_word' id='word_1_149' title='bbox 715 1691 1301 1782; x_wconf 81' lang='lat' dir='ltr'>Fauniquepremunt</span> <span class='ocrx_word' id='word_1_150' title='bbox 1327 1699 1381 1752; x_wconf 88' lang='lat' dir='ltr'>te</span> <span class='ocrx_word' id='word_1_151' title='bbox 1408 1692 1565 1770; x_wconf 82' lang='lat' dir='ltr'>jussa</span> <span class='ocrx_word' id='word_1_152' title='bbox 1594 1691 1841 1771; x_wconf 86' lang='lat' dir='ltr'>parentis</span> <span class='ocrx_word' id='word_1_153' title='bbox 1859 1738 1876 1770; x_wconf 93' lang='lat'>,</span> 
     </span>
     <span class='ocr_line' id='line_1_21' title="bbox 292 1765 1918 1851; baseline 0.002 -20"><span class='ocrx_word' id='word_1_154' title='bbox 292 1765 533 1831; x_wconf 89' lang='lat' dir='ltr'>Omnem</span> <span class='ocrx_word' id='word_1_155' title='bbox 560 1769 824 1847; x_wconf 67' lang='lat' dir='ltr'>equidem</span> <span class='ocrx_word' id='word_1_156' title='bbox 851 1777 1088 1849; x_wconf 82' lang='lat' dir='ltr'>sceptrls</span> <span class='ocrx_word' id='word_1_157' title='bbox 1117 1776 1327 1851; x_wconf 83' lang='lat' dir='ltr'>terram</span> <span class='ocrx_word' id='word_1_158' title='bbox 1352 1773 1477 1850; x_wconf 76' lang='lat' dir='ltr'>quae</span> <span class='ocrx_word' id='word_1_159' title='bbox 1504 1771 1684 1832; x_wconf 86' lang='lat' dir='ltr'>libera</span> <span class='ocrx_word' id='word_1_160' title='bbox 1709 1771 1918 1835; x_wconf 86' lang='lat' dir='ltr'>nostris</span> 
     </span>
     <span class='ocr_line' id='line_1_22' title="bbox 295 1845 2081 1928; baseline 0.006 -21"><span class='ocrx_word' id='word_1_161' title='bbox 295 1845 575 1924; x_wconf 88' lang='lat' dir='ltr'>Dissidet,</span> <span class='ocrx_word' id='word_1_162' title='bbox 607 1848 1077 1925; x_wconf 76' lang='lat' dir='ltr'>externam&#39;reor,</span> <span class='ocrx_word' id='word_1_163' title='bbox 1111 1856 1169 1910; x_wconf 93' lang='lat' dir='ltr'>et</span> <span class='ocrx_word' id='word_1_164' title='bbox 1194 1849 1277 1911; x_wconf 89' lang='lat' dir='ltr'>sic</span> <span class='ocrx_word' id='word_1_165' title='bbox 1308 1850 1498 1911; x_wconf 85' lang='lat' dir='ltr'>dicere</span> <span class='ocrx_word' id='word_1_166' title='bbox 1528 1851 1718 1928; x_wconf 79' lang='lat' dir='ltr'>divos;</span> <span class='ocrx_word' id='word_1_167' title='bbox 1960 1850 2081 1917; x_wconf 86' lang='lat'>370</span> 
     </span>
     <span class='ocr_line' id='line_1_23' title="bbox 299 1922 1697 2008; baseline 0.003 -23"><span class='ocrx_word' id='word_1_168' title='bbox 299 1924 375 1985; x_wconf 89' lang='lat' dir='ltr'>Et</span> <span class='ocrx_word' id='word_1_169' title='bbox 398 1924 591 1986; x_wconf 87' lang='lat' dir='ltr'>Turno</span> <span class='ocrx_word' id='word_1_170' title='bbox 603 1922 646 2003; x_wconf 56' lang='grc' dir='ltr'>Β,</span> <span class='ocrx_word' id='word_1_171' title='bbox 679 1926 728 1987; x_wconf 90' lang='lat' dir='ltr'>si</span> <span class='ocrx_word' id='word_1_172' title='bbox 755 1926 936 2006; x_wconf 83' lang='lat' dir='ltr'>prima</span> <span class='ocrx_word' id='word_1_173' title='bbox 967 1927 1166 1988; x_wconf 74' lang='lat' dir='ltr'>domus</span> <span class='ocrx_word' id='word_1_174' title='bbox 1196 1934 1479 2008; x_wconf 82' lang='lat' dir='ltr'>repetatur</span> <span class='ocrx_word' id='word_1_175' title='bbox 1506 1930 1661 2007; x_wconf 84' lang='lat' dir='ltr'>origo</span> <span class='ocrx_word' id='word_1_176' title='bbox 1682 1976 1697 2007; x_wconf 90' lang='lat'>‚</span> 
     </span>
    </p>

    <p class='ocr_par' dir='ltr' id='par_1_13' title="bbox 293 2002 1875 2089">
     <span class='ocr_line' id='line_1_24' title="bbox 293 2002 1875 2089; baseline 0.004 -24"><span class='ocrx_word' id='word_1_177' title='bbox 293 2002 534 2066; x_wconf 83' lang='lat' dir='ltr'>Inachus</span> <span class='ocrx_word' id='word_1_178' title='bbox 560 2004 925 2087; x_wconf 81' lang='lat' dir='ltr'>Acrisiusque</span> <span class='ocrx_word' id='word_1_179' title='bbox 951 2014 1175 2087; x_wconf 82' lang='lat' dir='ltr'>patreS,</span> <span class='ocrx_word' id='word_1_180' title='bbox 1208 2007 1521 2089; x_wconf 85' lang='lat' dir='ltr'>mediaeque</span> <span class='ocrx_word' id='word_1_181' title='bbox 1549 2008 1811 2089; x_wconf 82' lang='lat' dir='ltr'>Mycenae.</span> <span class='ocrx_word' id='word_1_182' title='bbox 1842 2028 1875 2071; x_wconf 69' lang='lat' dir='ltr'>r</span> 
     </span>
    </p>

    <p class='ocr_par' dir='ltr' id='par_1_14' title="bbox 373 2082 1767 2169">
     <span class='ocr_line' id='line_1_25' title="bbox 373 2082 1767 2169; baseline 0.003 -26"><span class='ocrx_word' id='word_1_183' title='bbox 373 2082 474 2144; x_wconf 92' lang='lat' dir='ltr'>His</span> <span class='ocrx_word' id='word_1_184' title='bbox 501 2083 602 2145; x_wconf 91' lang='lat' dir='ltr'>ubi</span> <span class='ocrx_word' id='word_1_185' title='bbox 622 2085 1005 2169; x_wconf 76' lang='lat' dir='ltr'>nequidquam</span> <span class='ocrx_word' id='word_1_186' title='bbox 1034 2086 1199 2147; x_wconf 86' lang='lat' dir='ltr'>dictis</span> <span class='ocrx_word' id='word_1_187' title='bbox 1228 2095 1454 2167; x_wconf 78' lang='lat' dir='ltr'>experta</span> <span class='ocrx_word' id='word_1_188' title='bbox 1481 2086 1735 2149; x_wconf 85' lang='lat' dir='ltr'>Latinum</span> <span class='ocrx_word' id='word_1_189' title='bbox 1752 2134 1767 2165; x_wconf 91' lang='lat'>,</span> 
     </span>
    </p>

    <p class='ocr_par' dir='ltr' id='par_1_15' title="bbox 265 2160 2093 2483">
     <span class='ocr_line' id='line_1_26' title="bbox 291 2160 1815 2247; baseline 0.005 -25"><span class='ocrx_word' id='word_1_190' title='bbox 291 2160 502 2223; x_wconf 68' lang='lat' dir='ltr'>Contrii</span> <span class='ocrx_word' id='word_1_191' title='bbox 527 2170 674 2225; x_wconf 85' lang='lat' dir='ltr'>stare</span> <span class='ocrx_word' id='word_1_192' title='bbox 696 2164 881 2243; x_wconf 80' lang='lat' dir='ltr'>videt,</span> <span class='ocrx_word' id='word_1_193' title='bbox 914 2165 1248 2247; x_wconf 79' lang='lat' dir='ltr'>penitusque</span> <span class='ocrx_word' id='word_1_194' title='bbox 1275 2167 1333 2226; x_wconf 87' lang='lat' dir='ltr'>in</span> <span class='ocrx_word' id='word_1_195' title='bbox 1360 2160 1573 2227; x_wconf 84' lang='lat' dir='ltr'>viscera</span> <span class='ocrx_word' id='word_1_196' title='bbox 1597 2168 1815 2246; x_wconf 83' lang='lat' dir='ltr'>lapsum</span> 
     </span>
     <span class='ocr_line' id='line_1_27' title="bbox 292 2240 2093 2328; baseline 0.004 -25"><span class='ocrx_word' id='word_1_197' title='bbox 292 2240 810 2325; x_wconf 33' lang='lat' dir='ltr'>Serpentis-furiale</span> <span class='ocrx_word' id='word_1_198' title='bbox 837 2244 1044 2310; x_wconf 81' lang='lat' dir='ltr'>malum</span> <span class='ocrx_word' id='word_1_199' title='bbox 1075 2246 1357 2328; x_wconf 82' lang='lat' dir='ltr'>totamque</span> <span class='ocrx_word' id='word_1_200' title='bbox 1386 2254 1665 2325; x_wconf 85' lang='lat' dir='ltr'>pererrat,</span> <span class='ocrx_word' id='word_1_201' title='bbox 1722 2310 1727 2317; x_wconf 67' lang='grc'><strong>,</strong></span> <span class='ocrx_word' id='word_1_202' title='bbox 1960 2242 2093 2311; x_wconf 85' lang='grc'><strong>375’</strong></span> 
     </span>
     <span class='ocr_line' id='line_1_28' title="bbox 265 2316 1779 2403; baseline 0.006 -27"><span class='ocrx_word' id='word_1_203' title='bbox 265 2316 441 2402; x_wconf 49' lang='lat' dir='ltr'>:Tum</span> <span class='ocrx_word' id='word_1_204' title='bbox 466 2323 598 2381; x_wconf 76' lang='lat' dir='ltr'>vero</span> <span class='ocrx_word' id='word_1_205' title='bbox 623 2316 848 2399; x_wconf 80' lang='lat' dir='ltr'>infelix,</span> <span class='ocrx_word' id='word_1_206' title='bbox 879 2324 1199 2401; x_wconf 84' lang='lat' dir='ltr'>ingentibus</span> <span class='ocrx_word' id='word_1_207' title='bbox 1226 2324 1405 2387; x_wconf 83' lang='lat' dir='ltr'>excita</span> <span class='ocrx_word' id='word_1_208' title='bbox 1431 2322 1697 2403; x_wconf 77' lang='lat' dir='ltr'>monstris</span> <span class='ocrx_word' id='word_1_209' title='bbox 1719 2372 1735 2402; x_wconf 88' lang='lat'>,</span> <span class='ocrx_word' id='word_1_210' title='bbox 1774 2330 1779 2335; x_wconf 81' lang='grc'><em>’</em></span> 
     </span>
     <span class='ocr_line' id='line_1_29' title="bbox 274 2393 1813 2483; baseline 0.005 -26"><span class='ocrx_word' id='word_1_211' title='bbox 274 2393 638 2480; x_wconf 65' lang='grc' dir='ltr'>;Ιηιιηθῐιε,εηι</span> <span class='ocrx_word' id='word_1_212' title='bbox 655 2398 778 2460; x_wconf 73' lang='lat' dir='ltr'>sine</span> <span class='ocrx_word' id='word_1_213' title='bbox 804 2420 964 2463; x_wconf 87' lang='lat' dir='ltr'>more</span> <span class='ocrx_word' id='word_1_214' title='bbox 990 2404 1126 2465; x_wconf 86' lang='lat' dir='ltr'>furit</span> <span class='ocrx_word' id='word_1_215' title='bbox 1149 2405 1262 2483; x_wconf 74' lang='lat' dir='ltr'>lym</span> <span class='ocrx_word' id='word_1_216' title='bbox 1305 2404 1433 2465; x_wconf 76' lang='lat' dir='ltr'>h&#39;ata</span> <span class='ocrx_word' id='word_1_217' title='bbox 1462 2422 1561 2483; x_wconf 88' lang='lat' dir='ltr'>per</span> <span class='ocrx_word' id='word_1_218' title='bbox 1588 2403 1813 2465; x_wconf 88' lang='lat' dir='ltr'>urbem.</span> 
     </span>
    </p>

    <p class='ocr_par' dir='ltr' id='par_1_16' title="bbox 296 2472 1827 2563">
     <span class='ocr_line' id='line_1_30' title="bbox 296 2472 1827 2563; baseline 0.005 -28"><span class='ocrx_word' id='word_1_219' title='bbox 296 2472 414 2536; x_wconf 86' lang='lat' dir='ltr'>Ceu</span> <span class='ocrx_word' id='word_1_220' title='bbox 437 2475 721 2563; x_wconf 76' lang='lat' dir='ltr'>quondam</span> <span class='ocrx_word' id='word_1_221' title='bbox 750 2485 896 2540; x_wconf 91' lang='lat' dir='ltr'>torto</span> <span class='ocrx_word' id='word_1_222' title='bbox 924 2482 1162 2545; x_wconf 80' lang='lat' dir='ltr'>volitans</span> <span class='ocrx_word' id='word_1_223' title='bbox 1190 2502 1216 2543; x_wconf 89' lang='lat' dir='ltr'>s</span> <span class='ocrx_word' id='word_1_224' title='bbox 1325 2482 1558 2543; x_wconf 86' lang='lat' dir='ltr'>verbere</span> <span class='ocrx_word' id='word_1_225' title='bbox 1585 2482 1750 2543; x_wconf 89' lang='lat' dir='ltr'>turbo</span> <span class='ocrx_word' id='word_1_226' title='bbox 1770 2530 1787 2559; x_wconf 90' lang='lat'>‚</span> <span class='ocrx_word' id='word_1_227' title='bbox 1820 2495 1827 2501; x_wconf 83' lang='grc'><em>·</em></span> 
     </span>
    </p>
   </div>
   <div class='ocr_carea' id='block_1_3' title="bbox 295 2551 2088 2701">
    <p class='ocr_par' dir='ltr' id='par_1_17' title="bbox 295 2551 2088 2701">
     <span class='ocr_line' id='line_1_31' title="bbox 296 2551 1747 2635; baseline 0.005 -21"><span class='ocrx_word' id='word_1_228' title='bbox 296 2551 475 2624; x_wconf 87' lang='lat' dir='ltr'>Quem</span> <span class='ocrx_word' id='word_1_229' title='bbox 504 2555 667 2635; x_wconf 92' lang='lat' dir='ltr'>pueri</span> <span class='ocrx_word' id='word_1_230' title='bbox 695 2574 898 2634; x_wconf 83' lang='lat' dir='ltr'>magno</span> <span class='ocrx_word' id='word_1_231' title='bbox 920 2558 981 2618; x_wconf 93' lang='lat' dir='ltr'>in</span> <span class='ocrx_word' id='word_1_232' title='bbox 1077 2579 1141 2622; x_wconf 92' lang='lat' dir='ltr'>ro</span> <span class='ocrx_word' id='word_1_233' title='bbox 1169 2580 1341 2622; x_wconf 85' lang='lat' dir='ltr'>vacua</span> <span class='ocrx_word' id='word_1_234' title='bbox 1364 2562 1504 2622; x_wconf 86' lang='lat' dir='ltr'>atria</span> <span class='ocrx_word' id='word_1_235' title='bbox 1532 2561 1747 2623; x_wconf 81' lang='lat' dir='ltr'>circum</span> 
     </span>
     <span class='ocr_line' id='line_1_32' title="bbox 295 2630 2088 2701; baseline 0.003 -6"><span class='ocrx_word' id='word_1_236' title='bbox 295 2630 500 2695; x_wconf 86' lang='lat' dir='ltr'>Intenti</span> <span class='ocrx_word' id='word_1_237' title='bbox 527 2633 662 2694; x_wconf 92' lang='lat' dir='ltr'>ludo</span> <span class='ocrx_word' id='word_1_238' title='bbox 690 2646 954 2698; x_wconf 85' lang='lat' dir='ltr'>exercent</span> <span class='ocrx_word' id='word_1_239' title='bbox 981 2658 996 2697; x_wconf 71' lang='grc' dir='ltr'>ε</span> <span class='ocrx_word' id='word_1_240' title='bbox 1027 2639 1048 2698; x_wconf 91' lang='lat' dir='ltr'>i</span> <span class='ocrx_word' id='word_1_241' title='bbox 1092 2658 1123 2699; x_wconf 87' lang='lat' dir='ltr'>e</span> <span class='ocrx_word' id='word_1_242' title='bbox 1152 2647 1309 2701; x_wconf 82' lang='lat' dir='ltr'>actus</span> <span class='ocrx_word' id='word_1_243' title='bbox 1336 2639 1557 2700; x_wconf 62' lang='lat' dir='ltr'>habena</span> <span class='ocrx_word' id='word_1_244' title='bbox 1964 2638 2088 2701; x_wconf 90' lang='grc'>380</span> 
     </span>
    </p>
   </div>
   <div class='ocr_carea' id='block_1_4' title="bbox 295 2852 2091 3105">
    <p class='ocr_par' dir='ltr' id='par_1_18' title="bbox 295 2852 2091 3105">
     <span class='ocr_line' id='line_1_33' title="bbox 359 2852 2086 2919; baseline 0.002 -16"><span class='ocrx_word' id='word_1_245' title='bbox 359 2852 383 2890; x_wconf 82' lang='lat'>¹</span> <span class='ocrx_word' id='word_1_246' title='bbox 419 2856 630 2910; x_wconf 72' lang='lat' dir='ltr'>Anaceu.</span> <span class='ocrx_word' id='word_1_247' title='bbox 643 2856 795 2909; x_wconf 76' lang='lat' dir='ltr'>nullo.</span> <span class='ocrx_word' id='word_1_248' title='bbox 832 2856 917 2905; x_wconf 93' lang='lat' dir='ltr'>Sin</span> <span class='ocrx_word' id='word_1_249' title='bbox 949 2870 1026 2905; x_wconf 81' lang='lat' dir='ltr'>ser</span> <span class='ocrx_word' id='word_1_250' title='bbox 1049 2870 1164 2905; x_wconf 84' lang='lat' dir='ltr'>sen·</span> <span class='ocrx_word' id='word_1_251' title='bbox 1218 2856 1383 2919; x_wconf 77' lang='lat' dir='ltr'>pitada</span> <span class='ocrx_word' id='word_1_252' title='bbox 1408 2870 1469 2905; x_wconf 90' lang='lat' dir='ltr'>en</span> <span class='ocrx_word' id='word_1_253' title='bbox 1488 2857 1538 2905; x_wconf 84' lang='lat' dir='ltr'>el</span> <span class='ocrx_word' id='word_1_254' title='bbox 1576 2872 1683 2905; x_wconf 82' lang='lat' dir='ltr'>mar</span> <span class='ocrx_word' id='word_1_255' title='bbox 1748 2870 1803 2905; x_wconf 88' lang='lat' dir='ltr'>or</span> <span class='ocrx_word' id='word_1_256' title='bbox 1832 2870 1886 2905; x_wconf 88' lang='lat' dir='ltr'>su</span> <span class='ocrx_word' id='word_1_257' title='bbox 1967 2856 2086 2908; x_wconf 71' lang='lat' dir='ltr'>adro</span> 
     </span>
     <span class='ocr_line' id='line_1_34' title="bbox 295 2912 2091 2980; baseline 0.002 -17"><span class='ocrx_word' id='word_1_258' title='bbox 295 2912 416 2969; x_wconf 82' lang='lat' dir='ltr'>tida.</span> <span class='ocrx_word' id='word_1_259' title='bbox 490 2916 496 2923; x_wconf 78' lang='grc'><strong><em>’</em></strong></span> <span class='ocrx_word' id='word_1_260' title='bbox 1218 2916 1431 2980; x_wconf 82' lang='lat' dir='ltr'>Acrisi03</span> <span class='ocrx_word' id='word_1_261' title='bbox 1466 2932 1581 2980; x_wconf 89' lang='lat' dir='ltr'>pero</span> <span class='ocrx_word' id='word_1_262' title='bbox 1602 2916 1701 2967; x_wconf 79' lang='lat' dir='ltr'>salv</span> <span class='ocrx_word' id='word_1_263' title='bbox 1766 2918 1925 2967; x_wconf 83' lang='lat' dir='ltr'>dosce</span> <span class='ocrx_word' id='word_1_264' title='bbox 1967 2932 2091 2967; x_wconf 68' lang='lat' dir='ltr'>aar·</span> 
     </span>
     <span class='ocr_line' id='line_1_35' title="bbox 304 2972 2089 3045; baseline 0.003 -22"><span class='ocrx_word' id='word_1_265' title='bbox 304 2982 311 2992; x_wconf 86' lang='lat'><strong>‘</strong></span> <span class='ocrx_word' id='word_1_266' title='bbox 359 2976 385 3008; x_wconf 79' lang='lat'>²</span> <span class='ocrx_word' id='word_1_267' title='bbox 411 2972 764 3040; x_wconf 33' lang='lat' dir='ltr'>Phrygius-..w</span> <span class='ocrx_word' id='word_1_268' title='bbox 781 2984 975 3045; x_wconf 65' lang='lat' dir='ltr'>pastor.</span> <span class='ocrx_word' id='word_1_269' title='bbox 1008 2978 1162 3040; x_wconf 59' lang='lat' dir='ltr'>Parit-³,</span> <span class='ocrx_word' id='word_1_270' title='bbox 1216 2976 1325 3027; x_wconf 77' lang='lat' dir='ltr'>ribo</span> <span class='ocrx_word' id='word_1_271' title='bbox 1354 2979 1383 3025; x_wconf 63' lang='lat' dir='ltr'>a</span> <span class='ocrx_word' id='word_1_272' title='bbox 1400 2978 1448 3027; x_wconf 83' lang='lat' dir='ltr'>la</span> <span class='ocrx_word' id='word_1_273' title='bbox 1473 2980 1621 3027; x_wconf 79' lang='lat' dir='ltr'>tierra</span> <span class='ocrx_word' id='word_1_274' title='bbox 1636 2980 1697 3027; x_wconf 87' lang='lat' dir='ltr'>de</span> <span class='ocrx_word' id='word_1_275' title='bbox 1714 2978 1787 3027; x_wconf 84' lang='lat' dir='ltr'>los</span> <span class='ocrx_word' id='word_1_276' title='bbox 1800 2978 2002 3028; x_wconf 75' lang='lat' dir='ltr'>Rutulos</span> <span class='ocrx_word' id='word_1_277' title='bbox 2020 2992 2089 3030; x_wconf 79' lang='lat' dir='ltr'>en</span> 
     </span>
     <span class='ocr_line' id='line_1_36' title="bbox 299 3034 2089 3105; baseline 0.004 -21"><span class='ocrx_word' id='word_1_278' title='bbox 299 3050 394 3098; x_wconf 74' lang='lat' dir='ltr'>quc</span> <span class='ocrx_word' id='word_1_279' title='bbox 421 3050 481 3085; x_wconf 85' lang='lat' dir='ltr'>en</span> <span class='ocrx_word' id='word_1_280' title='bbox 507 3052 565 3085; x_wconf 66' lang='lat' dir='ltr'>su⁴</span> <span class='ocrx_word' id='word_1_281' title='bbox 602 3039 744 3105; x_wconf 69' lang='lat' dir='ltr'>niiiez</span> <span class='ocrx_word' id='word_1_282' title='bbox 779 3040 906 3090; x_wconf 66' lang='lat' dir='ltr'>rivio</span> <span class='ocrx_word' id='word_1_283' title='bbox 933 3044 1064 3091; x_wconf 80' lang='lat' dir='ltr'>entre</span> <span class='ocrx_word' id='word_1_284' title='bbox 1081 3034 1163 3087; x_wconf 65' lang='lat' dir='ltr'>”los</span> <span class='ocrx_word' id='word_1_285' title='bbox 1214 3038 1383 3103; x_wconf 84' lang='lat' dir='ltr'>Italia,</span> <span class='ocrx_word' id='word_1_286' title='bbox 1410 3039 1567 3089; x_wconf 78' lang='lat' dir='ltr'>dende</span> <span class='ocrx_word' id='word_1_287' title='bbox 1584 3046 1699 3089; x_wconf 76' lang='lat' dir='ltr'>tuvo</span> <span class='ocrx_word' id='word_1_288' title='bbox 1720 3055 1808 3103; x_wconf 87' lang='lat' dir='ltr'>por</span> <span class='ocrx_word' id='word_1_289' title='bbox 1833 3040 2021 3090; x_wconf 70' lang='lat' dir='ltr'>mat-ido</span> <span class='ocrx_word' id='word_1_290' title='bbox 2052 3041 2089 3091; x_wconf 76' lang='grc'>6,</span> 
     </span>
    </p>
   </div>
   <div class='ocr_carea' id='block_1_5' title="bbox 298 3100 2089 3222">
    <p class='ocr_par' dir='ltr' id='par_1_19' title="bbox 298 3100 2089 3222">
     <span class='ocr_line' id='line_1_37' title="bbox 298 3100 2089 3167; baseline 0.005 -25"><span class='ocrx_word' id='word_1_291' title='bbox 298 3101 534 3167; x_wconf 69' lang='lat' dir='ltr'>pastores.</span> <span class='ocrx_word' id='word_1_292' title='bbox 1219 3100 1467 3165; x_wconf 87' lang='lat' dir='ltr'>Pilumno,</span> <span class='ocrx_word' id='word_1_293' title='bbox 1474 3116 1569 3151; x_wconf 86' lang='lat' dir='ltr'>uno</span> <span class='ocrx_word' id='word_1_294' title='bbox 1582 3101 1641 3150; x_wconf 82' lang='lat' dir='ltr'>de</span> <span class='ocrx_word' id='word_1_295' title='bbox 1658 3101 1732 3150; x_wconf 82' lang='lat' dir='ltr'>los</span> <span class='ocrx_word' id='word_1_296' title='bbox 1746 3102 2089 3167; x_wconf 66' lang='lat' dir='ltr'>progenitores</span> 
     </span>
     <span class='ocr_line' id='line_1_38' title="bbox 335 3156 1539 3222; baseline 0.003 -14"><span class='ocrx_word' id='word_1_297' title='bbox 335 3156 482 3222; x_wconf 36' lang='lat' dir='ltr'>1³·Et</span> <span class='ocrx_word' id='word_1_298' title='bbox 513 3156 694 3209; x_wconf 73' lang='grc' dir='ltr'><strong><em>Τυνηο.</em></strong></span> <span class='ocrx_word' id='word_1_299' title='bbox 727 3160 884 3210; x_wconf 64' lang='grc' dir='ltr'>Πάκκιε</span> <span class='ocrx_word' id='word_1_300' title='bbox 904 3162 983 3213; x_wconf 71' lang='lat' dir='ltr'>fue</span> <span class='ocrx_word' id='word_1_301' title='bbox 1008 3164 1166 3220; x_wconf 79' lang='lat' dir='ltr'>preci-</span> <span class='ocrx_word' id='word_1_302' title='bbox 1218 3165 1277 3213; x_wconf 88' lang='lat' dir='ltr'>de</span> <span class='ocrx_word' id='word_1_303' title='bbox 1295 3163 1470 3213; x_wconf 74' lang='lat' dir='ltr'>Tur-nc.</span> <span class='ocrx_word' id='word_1_304' title='bbox 1535 3178 1539 3185; x_wconf 87' lang='lat'><strong>·</strong></span> 
     </span>
    </p>
   </div>
   <div class='ocr_carea' id='block_1_6' title="bbox 2322 643 2330 1558">
    <p class='ocr_par' dir='ltr' id='par_1_20' title="bbox 2322 643 2330 1558">
     <span class='ocr_line' id='line_1_39' title="bbox 2322 643 2330 1558; baseline 0 0"><span class='ocrx_word' id='word_1_305' title='bbox 2322 643 2330 1558; x_wconf 95' lang='lat' dir='ltr'> </span> 
     </span>
    </p>
   </div>
   <div class='ocr_carea' id='block_1_7' title="bbox 2323 1840 2328 2549">
    <p class='ocr_par' dir='ltr' id='par_1_21' title="bbox 2323 1840 2328 2549">
     <span class='ocr_line' id='line_1_40' title="bbox 2323 1840 2328 2549; baseline 0 0"><span class='ocrx_word' id='word_1_306' title='bbox 2323 1840 2328 2549; x_wconf 95' lang='lat' dir='ltr'> </span> 
     </span>
    </p>
   </div>
   <div class='ocr_carea' id='block_1_8' title="bbox 2322 2818 2329 3590">
    <p class='ocr_par' dir='ltr' id='par_1_22' title="bbox 2322 2818 2329 3590">
     <span class='ocr_line' id='line_1_41' title="bbox 2322 2818 2329 3590; baseline 0 0"><span class='ocrx_word' id='word_1_307' title='bbox 2322 2818 2329 3590; x_wconf 95' lang='lat' dir='ltr'> </span> 
     </span>
    </p>
   </div>
  </div>
 </body>
</html>
