2334 3625
307 3214 328 3280 ΙΙ

346 132 465 196 420
925 148 991 190 ο.
1031 147 1268 194 vmcmn
1307 146 1558 193 moins

347 264 631 346 Corripuit
656 265 870 326 tabulas
888 313 904 343 ,
936 272 993 327 et
1011 265 1272 364 postibus
1297 264 1462 340 haesit
1483 262 1688 326 adesis.

347 343 581 408 Turbati
609 343 888 426 trepidare
914 343 1066 406 intus
1093 345 1409 424 frustrAque
1436 345 1714 406 malorum

346 423 505 485 Velle
526 424 714 501 fugam
748 443 761 483 :
796 424 933 484 dum
961 443 1022 486 se
1049 424 1396 502 glomerant,
1423 425 1690 502 retroque
1713 421 1978 484 residunt

347 501 412 562 In
438 511 655 583 partem
676 521 803 584 quae
830 512 988 584 peste
1022 511 1229 580 caret1,
1265 510 1386 564 tum
1413 502 1662 584 pondere
1687 501 1860 562 turris
2029 502 2153 566 540

346 580 651 644 Procubuit
676 580 860 644 subito
880 631 896 660 ,
929 590 984 644 et
1011 583 1218 644 coelum
1245 589 1404 643 tonat
1429 600 1598 644 omne
1623 581 1869 659 fragore.

348 657 670 722 Semineces
694 661 766 721 ad
792 669 1031 738 terram,
1060 660 1301 721 immani
1326 661 1478 722 mole
1505 662 1724 737 secuta,

338 738 671 818 confixique
696 739 813 800 suis
841 739 999 814 telis,
1032 748 1089 800 et
1112 747 1341 820 pectora
1367 740 1509 800 duro

346 817 661 880 Transfossi
688 818 867 895 ligno,
900 817 1147 879 veniunt.
1175 817 1282 881 vix
1307 837 1453 880 unus
1479 817 1728 880 Helenor

346 895 414 956 Et
438 896 621 976 Lycus
650 897 823 978 elapsi
854 917 867 958 :
900 916 1142 978 quorum
1171 897 1472 988 primaevus
1498 896 1768 976 Helenor,
2031 896 2150 958 545

345 973 581 1038 Maeonio
605 976 725 1054 regi
753 995 924 1057 quem
950 994 1111 1038 serva
1137 975 1427 1056 Licymnia
1452 976 1647 1039 furtim

348 1051 659 1117 Sustulerat
680 1103 695 1133 ‚
726 1056 1022 1137 vetitisque
1050 1056 1123 1117 ad
1153 1056 1382 1135 Trojam
1408 1055 1640 1118 miserat
1667 1055 1842 1118 armis
1855 1061 1901 1134 ²,

345 1131 497 1196 Ense
526 1135 665 1196 levis
691 1135 844 1196 nudo
865 1182 880 1212 ,
912 1139 1216 1226 parmaque
1240 1135 1512 1213 inglorius
1540 1135 1721 1197 311133.

346 1209 515 1293 Isque
539 1214 639 1278 ubi
666 1232 727 1275 se
756 1214 929 1275 Turm
955 1214 1142 1275 media
1171 1214 1316 1275 inter
1345 1214 1517 1278 millia
1539 1215 1705 1292 vidit,

346 1290 494 1354 Hinc
522 1293 699 1369 acieS,
729 1299 785 1352 at
824 1310 895 1354 ue
928 1293 1062 1354 hinc
1088 1293 1238 1354 acies
1264 1294 1485 1357 adstare
1513 1293 1710 1356 latinas
1741 1314 1756 1354 ε
2032 1292 2151 1356 550

351 1369 420 1431 Ut
446 1372 593 1449 sera,
662 1389 751 1432 uae
817 1376 949 1434 ensa
975 1375 1276 1434 venantum
1303 1381 1476 1453 saepta
1501 1375 1710 1434 corona

347 1447 553 1512 Contra
578 1457 632 1512 te
654 1471 687 1512 a
712 1449 881 1529 furit,
909 1470 1145 1531 seseque
1173 1451 1323 1513 haud
1349 1452 1538 1514 nescia
1564 1451 1736 1514 morti

345 1525 534 1606 [njicit
552 1578 569 1608 ‚
599 1537 657 1591 et
682 1530 827 1592 saltu
853 1533 1024 1612 supra
1051 1531 1324 1594 venabula
1350 1532 1530 1594 fertur
1559 1553 1574 1593 :

344 1603 513 1669 Haud
543 1609 704 1672 aliter
724 1610 952 1687 juvenis
982 1609 1200 1671 medios
1229 1612 1536 1676 moriturus
1563 1611 1622 1672 in
1649 1610 1840 1671 hostes

345 1683 550 1763 Irruit,
582 1694 638 1746 et
644 1733 667 1776 ,²
700 1688 810 1764 qua
836 1689 946 1750 tela
973 1689 1123 1752 videt
1152 1690 1519 1774 densissima,
1553 1690 1750 1754 tondit.
2021 1687 2142 1751 555

425 1764 499 1825 At
529 1763 769 1845 pedibus
798 1764 963 1848 longe
989 1767 1193 1829 melior
1221 1769 1402 1849 Lycus
1421 1818 1437 1847 ‚
1467 1770 1614 1832 inter
1641 1777 1698 1832 et
1725 1768 1950 1846 hostes»,

343 1843 503 1987 {pter
528 1848 585 1905 et
608 1861 764 1904 arma
780 1891 796 1921 ,
831 1843 961 1923 fuga
990 1865 1184 1907 muros
1212 1854 1394 1925 tenet,
1427 1850 1652 1930 altaque
1679 1856 1854 1912 certat

392 1923 634 1985 rendere
661 1928 807 1985 tecta
835 1942 1007 1987 manu
1023 1972 1038 2002 ,
1070 1926 1403 2005 sociumque
1431 1929 1702 2007 attingere
1727 1928 1952 1991 dextras

348 2003 528 2077 Quem
558 2002 801 2081 'hu-nus,
833 2003 1047 2085 pariter
1070 2024 1241 2065 cursu
1268 2007 1496 2087 teloque
1523 2017 1753 2069 secutus
1769 2056 1785 2085 ‚

346 2084 608 2165 Increpat
632 2082 723 2144 his
748 2082 926 2145 victor
956 2104 971 2145 ε
1008 2105 1038 2146 11
1068 2080 1374 2147 Nostrasne
1401 2088 1638 2149 evadere
1657 2134 1673 2164 ,
1703 2088 1977 2167 demens,
2015 2085 2145 2149 ‘560

348 2162 595 2244 SperASti
620 2169 677 2224 te
704 2182 870 2243 posse
896 2165 1141 2227 manus?
1173 2184 1204 2224 ›>
1233 2163 1414 2227 Simul
1441 2166 1640 2247 arripit
1665 2167 1855 2247 ipsum

345 2241 694 2305 Pendentem
710 2291 726 2322 ,
755 2251 812 2305 et
836 2263 1039 2323 magna
1066 2241 1216 2306 muri
1244 2263 1372 2306 cum
1440 2254 1559 2307 arte
1585 2246 1803 2307 revellit
1834 2266 1850 2307 ε

350 2319 577 2412 Qualis!
607 2322 706 2383 ubi
735 2331 831 2385 aut
852 2324 1105 2405 leporem
1122 2371 1138 2400 ,
1171 2332 1267 2385 aut
1293 2264 1556 2387 cangenti
1583 2343 1820 2439 corpore
1851 2343 2090 2407 cycnum

350 2398 591 2462 Sustulit
616 2401 724 2462 alta
750 2413 946 2483 petens
964 2403 1216 2494 pedibus
1242 2402 1273 2465 J
1277 2404 1396 2467 ovis
1424 2404 1667 2483 armiger
1725 2406 1924 2484 uncis-3

352 2476 659 2550 Quaesitum
687 2487 782 2540 aut
813 2486 981 2543 matri
1009 2483 1200 2544 multis
1224 2483 1504 2546 balatibus
1531 2502 1733 2562 agnum
2036 2483 2147 2546 565

349 2556 583 2621 Martius
610 2560 644 2621 a
668 2559 905 2622 stabulis
931 2561 1117 2642 rapuit
1144 2562 1334 2646 lupus·
1371 2563 1635 2645 Undique
1662 2563 1875 2625 clamor

414 2801 434 2835 ¹
466 2804 583 2865 Quae
597 2806 735 2867 peste
759 2807 911 2853 carot.
934 2801 1106 2853 Donde
1125 2816 1221 2852 aun
1273 2805 1507 2865 esti-enar,
1549 2802 1624 2851 sin
1663 2816 1828 2849 marca
1877 2798 2060 2861 alguna
2087 2797 2150 2847 de

349 2876 414 2912 no
440 2864 587 2912 habia
608 2863 847 2935 prendido
859 2866 907 2915 31
926 2865 1091 2926 fuego.
1272 2864 1474 2913 trofeos.
1518 2862 1583 2913 Es
1621 2862 1712 2911 ada
1752 2878 1782 2925 y
1826 2860 1998 2933 1011313
2035 2874 2150 2909 31311

414 2925 436 2958 ²
468 2925 643 2976 Vetitts
669 2926 845 2977 armis.
876 2926 945 2979 No
972 2940 1057 2979 313
1086 2924 1220 2998 licito
1274 2924 1345 2997 las
1381 2940 1536 2997 3111133
1607 2939 1632 2995 e
1661 2923 1733 2973 las
1763 2930 1928 2987 tropas
1953 2922 2147 2993 liger-as.

349 2986 1225 3111 33813313111113811131
1274 2986 1694 3112 3313321,
1709 2982 2047 3111 {aaz-uma
2060 2995 2152 3095 ,τῖε

351 3118 704 3219 γοξῬανπίιῑ...
756 3168 895 3223 alba.
923 3169 1108 3221 Rodela
1134 3184 1224 3235 por
1277 3108 1528 3222 bert-‘lovis
1551 3171 1793 3233 arminer.
1823 3168 1882 3221 El
1903 3166 2087 3233 3311113.
