2334 3625
846 191 1057 238 AEnms.
1100 191 1272 237 Lisso
1311 191 1373 236 11.
1891 172 1997 234 201

296 309 537 389 Jamque
562 309 701 373 adeo
716 310 735 344 ²
761 325 936 389 super
964 327 1113 373 unus
1136 326 1292 378 eram
1309 353 1324 384 ,
1355 325 1528 386 quum
1558 305 1753 367 limina
1779 303 1978 368 Vestae·

223 389 553 450 Servantem
578 396 637 450 et
652 389 886 458 ,tacitam
913 390 1131 452 secreta
1148 387 1212 446 in
1239 386 1376 448 sede
1402 386 1664 450 latentem

221 467 576 547 Tyndarida²
604 467 815 547 aspicio
847 488 861 528 t
894 468 1033 529 dant
1060 466 1208 528 clara
1229 465 1495 528 incendia
1522 467 1706 526 lucem

220 547 450 608 Erranti
474 595 491 624 ,
522 547 848 627 passimque
874 547 1070 611 oculos
1096 564 1198 626 per
1226 552 1424 616 cuncta
1451 543 1671 607 ferenti.
1894 541 2012 604 570

222 626 323 687 Illa
346 627 455 687 sibi
479 627 717 686 infestos
747 645 940 688 eversa
964 626 1036 688 ob
1064 625 1336 702 Pergama
1363 623 1612 686 Teucnos
1629 670 1644 699 ,

222 704 298 766 Et
324 719 517 785 poenas
545 703 797 769 Danaum
815 713 919 783 ,et
946 705 1152 769 deserti
1181 703 1468 782 conjugis³
1493 703 1608 764 iras

222 783 605 845 Praemetuens
622 831 638 862 ‚
670 785 856 863 Trojae
884 791 939 845 et
964 783 1161 865 patriae
1189 782 1543 845 communis*
1569 782 1810 862 Erinnys
1830 829 1846 860 ‚

223 863 710 939 Abdideratsese,
742 872 909 943 atque
934 864 1047 927 aris
1074 863 1255 923 invisa
1279 861 1530 924 sedehat.

224 941 527 1003 Exsarsere
549 942 709 1019 ignes
736 943 954 1018 anim03
982 942 1135 1008 subit
1155 943 1243 1000 ‚ira
1270 941 1560 1017 cadentem
1900 937 2017 999 575

224 1020 439 1083 Ulcisci
464 1021 735 1100 patriam,
766 1029 822 1082 et
848 1019 1181 1083 sceleratas*
1209 1037 1434 1078 sumere
1462 1038 1676 1096 poenas.

227 1119 261 1160 «
292 1096 521 1159 Scilicet
544 1099 667 1158 haec
696 1095 951 1176 Spartam
978 1095 1276 1157 incolumis
1306 1096 1626 1175 patriasque
1654 1095 1915 1174 Mycenas

222 1177 481 1256 Aspiciet
498 1223 514 1252 ‚
544 1184 815 1255 partoque
842 1176 947 1238 ibit
973 1176 1164 1253 regina
1193 1174 1514 1254 triumpho!

226 1255 572 1332 Conjugium
613 1273 713 1332 ue,
747 1255 1123 1333 domumque,
1156 1261 1372 1334 patreS,
1406 1261 1680 1332 natosque
1705 1251 1950 1328 videbit,

226 1333 469 1396 Iliadum
496 1342 587 1394 tur
627 1337 658 1394 a
686 1341 743 1394 et
768 1334 1015 1414 phrygiis
1046 1333 1308 1396 comitata
1337 1332 1642 1394 ministris!
1903 1332 2026 1393 580

228 1413 515 1477 Occiderit
540 1413 691 1483 ferro
718 1412 1001 1476 Priamus!
1036 1412 1205 1491 Troja
1235 1413 1436 1474 arserit
1464 1411 1610 1490 igni!

216 1491 573 1554 ⁴Dardanium
608 1491 771 1552 toties
802 1493 1019 1554 sudarit
1044 1491 1313 1568 sauguine
1341 1492 1522 1552 littus!

228 1571 354 1631 Non
380 1571 457 1631 ita
491 1593 504 1630 :
540 1589 819 1650 namque,
850 1578 906 1631 et
932 1572 981 1632 si
1004 1571 1225 1632 nullum
1253 1571 1622 1633 memorabile
1648 1589 1860 1632 nomen
1893 1571 1896 1578 '
1953 1575 1962 1581 ’

228 1649 499 1712 Feminea
527 1651 587 1709 in
612 1655 779 1730 poena
806 1658 921 1726 est,
950 1668 1055 1711 nec
1082 1649 1252 1710 hahet
1278 1650 1511 1712 victoria
1539 1651 1793 1726 laudem,

228 1726 583 1802 Exstinxisse
608 1729 766 1790 nefas
792 1738 1015 1804 tamen,
1046 1736 1101 1789 et
1126 1729 1438 1808 sumpsisse
1464 1737 1748 1790 merentes
1907 1727 2028 1787 585

229 1806 528 1869 Laudahor
555 1822 752 1887 poenas
770 1857 785 1886 ‚
817 1809 1182 1887 animumque
1209 1807 1463 1889 explesse
1485 1808 1701 1888 juvabit

228 1886 459 1949 Ultricis
488 1888 787 1964 flammaefl,
814 1896 870 1950 et
894 1888 1114 1949 cineres
1142 1888 1376 1949 satiasse
1402 1908 1685 1951 meorum.
1711 1908 1742 1949 ›>

311 1965 465 2027 Talia
488 1966 801 2045 jactabam,
832 1975 892 2028 et
916 1967 1120 2029 furiata
1147 1976 1339 2043 mente
1365 1968 1610 2046 ferebar,

233 2042 419 2115 Quum
453 2044 593 2105 mihi
623 2064 714 2119 se,
749 2064 865 2106 non
895 2054 1024 2109 ante
1052 2045 1232 2110 oculis
1257 2054 1376 2118 ‚tam
1405 2047 1584 2124 clara,
1619 2046 1916 2109 videndam

231 2121 477 2199 Obtulit,
509 2129 565 2184 et
590 2126 732 2203 pura
758 2144 865 2205 per
884 2134 1115 2195 noctem
1143 2126 1205 2188 in
1232 2126 1358 2187 luce
1386 2126 1610 2191 refulsit
1909 2122 2033 2183 590

229 2202 397 2262 Alma
422 2220 656 2281 parens,
688 2203 945 2267 confessa
969 2206 1196 2280 deam⁷,
1227 2204 1524 2283 qualisque
1551 2204 1731 2265 videri

232 2279 516 2343 Coelicolis
544 2288 603 2342 et
620 2290 828 2361 quanta
855 2285 1025 2361 solet3
1063 2283 1377 2361 dextraque
1442 2282 1750 2343 rehensum

232 2358 551 2437 Continuit,
582 2378 868 2441 roseoque
888 2363 1011 2423 haec
1038 2363 1274 2440 insuper
1304 2361 1375 2420 ad
1417 2360 1520 2419 1dit
1547 2379 1680 2421 ore:

236 2458 269 2499 «-
295 2438 465 2517 Nate,
497 2439 621 2519 quis
650 2439 958 2501 indomitas
984 2448 1174 2501 tantus
1203 2436 1367 2500 dolor
1394 2439 1598 2500 excitat
1625 2439 1782 2503 iras?

230 2649 276 2759 it)
308 2662 360 2697 se
395 2649 642 2711 arrojaron
674 2650 1022 2717 desesperados
1054 2652 1107 2719 ¹al
1160 2711 1197 2761 G
1224 2650 1247 2684 '0
1278 2652 1468 2723 Patriae
1521 2618 1814 2703 communis·
1862 2654 1938 2702 De
1981 2654 2037 2702 la

255 2724 561 2844 figamque
588 2772 727 2823 adeo.
761 2772 981 2835 Algunos
1014 2777 1107 2824 cri·
1201 2726 1581 2826 rgcisaielemm.
1611 2775 1722 2823 Esto
1753 2790 1824 2835 ες,
1851 2776 1908 2822 de
1937 2776 2035 2824 He-

234 2838 359 2881 ticos
388 2838 614 2893 antiguos
648 2846 681 2897 y
715 2834 970 2895 modernos
1008 2836 1107 2885 han
1166 2832 1275 2885 lena
1305 2834 1568 2886 scelerata.

234 2892 509 2958 suprimido
534 2940 539 2949 ,
563 2899 691 2943 estos
724 2896 893 2945 veinte
942 2912 974 2960 y
1022 2896 1108 2945 dos
1225 2897 1246 2931 ⁶
1291 2896 1527 2946 Animum
1560 2894 1756 2945 ultricis
1799 2896 2032 2961 sla'mmae.

232 2968 422 3018 versos,
448 2969 544 3019 que
580 2970 631 3003 se
659 2956 832 3017 sig-ueri
859 2972 948 3021 por
975 2974 1110 3007 razo-
1159 2956 1218 3007 El
1250 2958 1395 3006 deseo
1423 2957 1738 3005 ardentissimo
1767 2956 1826 3007 de
1853 2974 2042 3021 renger*

232 3030 324 3067 nes
350 3070 353 3072 Α
380 3032 441 3073 ue
464 3031 526 3077 no
555 3029 847 3067 convencen.
1120 3030 1125 3035 ’
1164 3019 1233 3066 mi
1253 3018 1418 3114 fatris,
1445 3017 1694 3066 abrasada.

300 3079 323 3111 ²
401 3077 667 3150 under-ida.
690 3079 889 3139 Helena,
920 3078 1024 3142 iiiia
1048 3082 1109 3132 de
1333 3078 1569 3140 Confessa
1633 3078 1792 3131 de'am.
1851 3080 2042 3147 Desctu·

234 3138 391 3199 Leda,
418 3154 576 3201 muJer
591 3140 651 3191 de
671 3138 899 3205 Tindam.
1162 3138 1368 3188 briendo
1430 3154 1483 3203 or
1509 3155 1565 3189 su
1579 3146 1714 3206 porte
1735 3142 1849 3195 toda
1867 3142 1916 3193 la
1933 3156 2038 3195 ma-

202 3269 209 3277 ·
304 3198 327 3235 ⁸
356 3193 816 3279 Desartieonjuqqs.
844 3202 1076 3279 Menelao.
1156 3200 1319 3281 {estad
1337 3200 1396 3252 de
1455 3202 1574 3255 losa.
1603 3210 1606 3215 ·
