2334 3625
761 216 768 225 ·
811 224 1028 268 mins:
1055 222 1228 268 mmm
1268 226 1351 269 xl.
1863 216 1985 277 465

183 338 465 401 Servabat
493 336 704 417 senior,
735 337 832 418 qui
857 338 1156 401 Parrhasio
1185 339 1445 402 Evandro
1486 388 1493 413 2
1662 410 1667 422 Ι
1711 384 1717 391 -

187 418 445 495 Armiger
473 425 600 478 ante
626 418 760 492 >suit3
796 418 897 478 sed
923 433 1037 478 non
1063 418 1323 488 felicibus¹
1348 440 1397 481 ae
1435 417 1520 483 ue*
1566 432 1571 439 ’
1678 472 1683 479 .
1736 424 1743 435 “

187 497 337 559 Tum
371 516 562 558 comes
591 496 859 577 auspiciis·
886 516 1020 559 caro
1044 498 1207 560 datus
1234 495 1352 561 iba't
1378 520 1411 561 a
1433 520 1607 579 umno
1639 522 1655 562 ε
1804 564 1809 569 ,
1838 538 1844 547 -

187 576 415 638 Circum
443 595 638 639 omnes
667 577 1051 657 famulumque
1080 595 1279 640 manus
1298 627 1313 658 ‚
1344 578 1673 665 ‘trojanaque
1698 578 1867 643 turba
1916 576 1925 585 ’

189 656 256 717 Et
281 664 546 718 moestum
572 656 776 716 Iliades
804 656 1018 717 crinem
1051 657 1120 719 de
1148 677 1308 721 more
1334 660 1555 738 solum,
1710 700 1715 707 -
1806 724 1809 731 ,
1900 656 1977 721 35

185 734 261 799 Ut
289 739 426 797 vero
455 736 660 797 AEneas
688 735 904 797 foribus
933 755 1058 798 sese
1084 736 1272 801 intulit
1300 738 1459 818 altis,
1484 746 1509 759 ·’
1562 804 1565 811 ,
1596 732 1603 739 ’
1805 745 1809 753 ’
1876 746 1881 753 “
1954 734 1962 744 ’

189 816 484 895 Ingentem
512 815 782 893 gemitum
812 816 992 877 tunsis
1022 815 1094 876 ad
1120 816 1307 879 sidera
1335 816 1536 881 tollunt
1730 880 1735 887 ,
1770 880 1775 888 ,
1836 878 1839 885 ,
1871 885 1877 894 ,

187 894 548 973 PectoribuS,
581 902 781 957 moesto
824 913 894 955 ue
921 892 1181 972 immugit
1202 898 1355 975 regia
1374 899 1547 960 luctu.
1570 906 1593 915 ··
1636 958 1643 970 ,
1688 952 1693 957 ,

189 975 210 1036 Ι
252 994 346 1051 se,
380 982 544 1055 caput
571 974 718 1034 nivei
747 914 981 1035 silltum¹
1010 974 1273 1037 Pallantis
1302 984 1358 1037 et
1385 996 1485 1059 ora
1527 979 1532 988 '
1564 1054 1569 1060 ι
1724 1046 1731 1059 ,

237 1062 260 1115 t
285 1053 463 1131 vidit,
497 1054 734 1133 laevique
761 1060 958 1133 patens
986 1054 1044 1113 in
1072 1063 1301 1145 pectore
1325 1056 1527 1140 vulnus
1682 1114 1690 1121 .
1740 1120 1745 1129 ,
1844 1092 1851 1099 -
1884 1054 1986 1138 ,40

185 1132 448 1213 Cuspidis
477 1134 755 1209 ausoniae,
785 1132 1045 1213 lacrymis
1072 1141 1147 1194 ita
1176 1135 1325 1195 fatur
1351 1134 1564 1196 obortis
1585 1146 1613 1194 'z
1680 1208 1683 1215 Ι
1774 1174 1781 1179 -

106 1276 108 1279 ,
189 1234 220 1274 (r
249 1213 404 1273 Tene
420 1230 440 1289 ¹,
471 1212 687 1292 inquit,
723 1212 1042 1273 miserande
1073 1232 1239 1293 puer,
1272 1233 1439 1294 quern
1466 1215 1592 1276 laeta
1614 1212 1831 1275 veniret
1842 1214 1889 1293 ,j
1915 1216 1939 1295 ᾖ

185 1291 393 1353 Invidit
420 1292 642 1352 fortuna
671 1290 842 1367 mihi,
875 1310 946 1351 ne
974 1310 1146 1371 regna
1173 1293 1393 1354 videres
1574 1304 1578 1311 '
1804 1351 1811 1363 ,
1885 1291 1890 1300 “

183 1374 423 1445 Nostra,
456 1390 640 1449 neque
671 1370 740 1431 ad
765 1370 929 1431 sedes
956 1371 1135 1432 victor
1164 1372 1430 1433 veherere
1458 1370 1762 1453 paternas?

185 1450 313 1512 Non
347 1452 471 1510 haec
502 1450 758 1510 Evandro
795 1449 864 1509 de
894 1457 945 1510 te
975 1446 1250 1531 promissa
1283 1451 1500 1531 parenti
1560 1514 1565 1522 ,
1824 1454 1848 1529 j
1905 1447 1986 1511 45

185 1530 494 1591 Discedens
525 1530 792 1589 dederam
810 1574 824 1603 ‚
859 1549 1033 1608 quum
1060 1549 1154 1590 me
1184 1531 1510 1610 complexus·
1532 1536 1760 1610 euntem
1780 1538 1793 1595 ζ
1932 1568 1939 1578 -

189 1609 440 1671 Mitteret
466 1609 526 1669 in
553 1626 822 1685 magnum
854 1609 932 1668 im
976 1607 1592 1689 erium,2metuensque
1620 1614 1877 1671 moneret
1930 1609 1947 1659 ἱ

186 1690 369 1764 Acres
397 1706 521 1749 esse
549 1688 730 1763 viroS,
767 1707 894 1748 cum
961 1692 1061 1748 ura
1091 1689 1283 1769 praelia
1306 1694 1491 1767 gente.

185 1768 261 1831 Et
285 1786 438 1830 nunc
465 1767 558 1829 ille
625 1767 814 1829 uidem
845 1787 944 1849 spe
973 1768 1213 1831 multum
1239 1777 1432 1850 captus
1458 1767 1613 1850 inani
1989 1838 1994 1849 ⁴

185 1847 332 1910 Fors
362 1855 418 1909 et
442 1855 568 1908 vota
619 1848 726 1909 acit
745 1894 760 1922 ,
793 1849 1154 1928 cumulatque
1184 1850 1377 1910 altaria
1405 1849 1567 1910 donis
1599 1867 1623 1922 ε,
1755 1846 1759 1856 “
1898 1845 1994 1910 50,

185 1925 304 1989 Nos
327 1928 597 2007 juvenem
628 1927 945 1989 exanimem
965 1975 980 2004 ‚
1012 1937 1069 1989 et
1094 1928 1173 1988 nil
1198 1929 1319 2006 jam
1349 1929 1706 1990 coelestibus’
1733 1925 1862 1988 ullis
1938 1965 1945 1972 -

184 2007 530 2083 Debentem‚
564 2025 706 2067 vano
731 2007 918 2070 moesti
948 2008 1287 2068 comitamur
1308 2007 1544 2068 honore.
1644 2071 1649 2076 ,
1726 2065 1731 2072 ,

183 2085 427 2148 Infelix!
458 2085 574 2146 nati
603 2087 766 2146 sunus
795 2085 1022 2148 crudele
1052 2085 1301 2146 videbis!
1690 2093 1699 2100 '

185 2165 261 2227 Hi
283 2165 467 2228 nostri
495 2165 742 2240 redituS‚
777 2163 1193 2245 exspectatique
1220 2163 1391 2224 trium
1432 2163 1531 2236 hil
1852 2225 1857 2231 ,
1898 2238 1902 2246 ⁸

185 2243 328 2320 Haec
357 2264 485 2306 mea
517 2264 715 2322 magna
745 2245 915 2307 fides!
948 2245 1022 2305 At
1047 2263 1193 2321 non,
1225 2242 1376 2319 Evan
1419 2261 1501 2318 re,
1532 2239 1843 2332 pudendis³
1908 2242 1987 2311 55

184 2321 530 2386 Vulneribus
559 2325 786 2406 pulsum
815 2324 1084 2403 aspicieS‚
1114 2341 1222 2383 nec
1250 2319 1460 2402 sospite
1495 2320 1683 2382 dirum
1746 2319 1751 2334 '
1783 2322 1790 2335 ’
1826 2316 1834 2334 ’
1878 2323 1885 2334 ’

185 2401 423 2484 Optabis
449 2412 578 2465 nato
609 2405 774 2465 funus
803 2411 977 2486 pater.
1013 2401 1117 2464 Hei
1146 2400 1287 2464 mihi
1314 2405 1325 2462 1
1358 2409 1628 2480 quantum
1720 2461 1725 2468 ,
1764 2455 1767 2462 .
1932 2441 1957 2470 ,,

184 2481 560 2562 Praesidium,
591 2485 866 2561 Ausonia,
888 2487 955 2544 ‘et
981 2490 1253 2562 quantum
1282 2487 1343 2542 tu
1369 2480 1559 2562 perdis
1579 2527 1595 2550 ,
1622 2477 1763 2564 lule.
1808 2499 1841 2542 J>
1904 2537 1909 2543 .

266 2561 407 2625 Haec
432 2563 533 2626 ubi
563 2563 815 2643 deflevit,
846 2561 967 2624 tolli
993 2559 1319 2624 miserabile
1347 2575 1552 2641 corpus
1676 2550 1683 2576 *
1774 2567 1779 2573 ’
1902 2561 1907 2570 ’

253 2819 276 2853 ²
313 2817 544 2884 Rullum.
584 2819 803 2871 Tendido
841 2821 978 2871 sobre
1023 2823 1068 2872 el
1119 2836 1232 2870 zoza
1256 2815 1379 2884 para'
1400 2820 1471 2869 los
1500 2821 1675 2887 padres
1692 2801 1785 2885 quc
1804 2831 1989 2892 septe-

187 2879 396 2952 feret'rtfi
491 2942 501 2952 ·
1121 2884 1293 2932 ciaban
1320 2883 1378 2933 de
1409 2882 1689 2940 caba'lleros.
1712 2884 1790 2944 Asi
1819 2895 1991 2944 qui-ere

256 2942 279 2977 ²
298 2941 608 2995 Goelesttbus.
631 2942 725 2992 Los
745 2945 883 2993 vivos
916 2955 1070 3006 segun
1121 2946 1257 2993 decir
1288 2960 1299 2992 :
1331 2944 1441 2993 a'lo
1479 2960 1650 2997 menos
1684 2945 1841 2998 nexas
1866 2943 1895 3002 a
1936 2948 1991 2992 tu

188 3002 266 3052 los
284 3003 606 3067 poetasesta'n
620 3005 844 3066 'sujetos'a
863 3006 934 3054 los
954 3005 1072 3056 Dio-
1123 3007 1223 3068 bijo
1253 3006 1422 3054 herido
1440 3021 1509 3064 ⁴en
1538 3006 1583 3060 el
1604 3007 1777 3070 pecho,
1792 3005 1992 3066 cqmba-

190 3079 272 3114 ses
304 3064 387 3114 del
409 3065 559 3115 ciclo·
605 3078 717 3127 pero
758 3066 830 3115 los
859 3073 1071 3128 muertos
1120 3067 1289 3124 tiendo⁸
1316 3067 1712 3132 gloriosamente,
1737 3083 1777 3131 γ.
1796 3081 1855 3125 no
1884 3073 1993 3124 tent-

189 3125 464 3176 solamente
489 3127 519 3174 ὁ,
544 3103 616 3176 los
645 3126 742 3199 del.
757 3127 991 3208 instet-qo..
1124 3129 1235 3180 drAs
1254 3126 1357 3196 'qu‘e
1378 3129 1596 3178 desearte
1616 3130 1661 3180 la
1671 3134 1885 3194 muene,
1904 3144 1991 3202 por

255 3185 281 3221 ⁸
319 3187 590 3238 Pudendis.
631 3187 890 3238 Rec1b1das
931 3205 990 3238 en
1025 3190 1074 3238 la
1123 3190 1274 3239 haber
1300 3194 1351 3238 tu
1380 3190 1481 3252 hijo
1498 3191 1991 3254 consemadosuvidn

190 3247 421 3316 espalda,
461 3263 556 3314 quo
597 3264 681 3299 era
713 3264 826 3298 cosa
863 3261 1070 3312 vergon-
1122 3253 1625 3303 ioenominiosamentc.

2241 3348 2271 3427 l
