2334 3625
318 201 439 268 1436
914 214 971 255 P.
1004 211 1238 256 vinoun
1265 207 1516 254 mamus

320 327 484 410 Rupe
511 328 616 390 sub
644 325 794 390 aeria
817 371 832 402 ‚
864 322 1074 386 deserti
1101 323 1174 384 ad
1201 320 1509 401 Strymonis
1535 320 1744 385 undam
1762 368 1780 398 ,

323 408 599 484 Flevisse,
630 413 687 467 et
709 403 907 484 gelidis
933 404 1057 464 haec
1082 401 1354 464 evolvisse
1379 399 1484 462 sub
1510 400 1714 478 antris,

323 486 658 548 Mulcentem
688 485 855 560 tigres
878 531 893 560 ,
926 489 983 545 et
1008 490 1265 560 agentem
1294 479 1539 544 carmine
1567 498 1831 559 quercus.
1991 481 2115 543 510

322 563 514 636 Qualis
538 564 775 644 populea
804 580 1049 623 moerens
1078 559 1389 622 Philomela
1415 557 1522 622 sub
1550 557 1751 620 umbra

317 641 575 703 'Amissos
602 641 854 722 queritur
881 641 1025 701 fetus
1045 687 1060 716 ,
1102 657 1243 718 quos
1271 639 1444 699 durus
1471 644 1658 702 arator

323 720 642 782 Observans
670 720 805 782 nido
832 719 1134 799 implumes
1160 717 1436 778 detraxit:
1467 725 1524 779 at
1550 716 1644 778 illa

322 798 449 859 Flet
480 806 704 859 noctem
723 846 740 875 ‚
770 816 929 859 ramo
1005 812 1042 858 ¹e
1070 797 1272 858 sedens
1299 794 1619 858 miserabile
1647 813 1874 858 carmen

323 875 597 954 integrat,
630 884 686 937 et
708 872 925 938 moestis
972 877 1059 936 ate
1085 875 1210 936 loca
1235 874 1524 953 questibus
1549 873 1765 947 implet.
1991 873 2112 936 515

320 955 484 1096 {ulla
509 955 699 1016 Venus
716 1001 733 1029 ,
764 973 879 1016 non
906 954 987 1014 illi
1016 954 1270 1014 animum
1296 954 1506 1014 flexere
1530 953 1829 1031 hymenaei.

367 1034 490 1094 olus
518 1034 898 1113 hyperboreas
921 1033 1157 1110 glacieS,
1188 1031 1534 1111 Tanaimque
1551 1036 1568 1068 ¹
1598 1030 1868 1108 nivalem,

322 1111 591 1191 Arvaque‘
605 1112 833 1192 riphaeis
860 1131 1148 1193 nunquam
1176 1111 1397 1172 viduata
1425 1108 1643 1192 pruinis

322 1189 622 1252 Lustrabat
640 1239 656 1270 ,
689 1198 901 1276 raptam
930 1189 1274 1279 Eurydicen,
1307 1197 1472 1267 atque
1502 1187 1662 1249 irrita
1691 1187 1831 1250 Ditis

320 1267 477 1330 Dona
495 1288 758 1350 querens,
782 1269 995 1348 Spretae
1014 1267 1283 1329 Ciconum
1297 1269 1318 1300 ²
1337 1287 1448 1346 quo
1467 1285 1703 1330 munere
1719 1274 1950 1340 matres,
1991 1261 2113 1324 520

321 1347 475 1410 Inter
500 1367 655 1410 sacra
686 1347 855 1411 deum
879 1346 1253 1426 nocturnique
1281 1345 1434 1422 orgia
1459 1344 1698 1422 Bacchi,

323 1421 679 1508 Discerptum
702 1426 841 1486 latos
862 1425 1129 1502 juvenem
1156 1427 1414 1504 sparsere
1442 1442 1544 1503 per
1567 1441 1752 1500 agros·

322 1503 469 1564 Tum
499 1522 721 1582 quoque
750 1505 1067 1564 marmorea
1092 1512 1256 1582 caput
1282 1506 1314 1564 a
1333 1503 1547 1564 cervice
1571 1502 1858 1564 revulsum

322 1581 553 1660 Gurgite
582 1600 757 1661 quum
786 1582 973 1644 medio
1000 1589 1230 1662 portans
1261 1580 1516 1658 OEagrius
1541 1581 1798 1644 Hebrus³

324 1659 617 1736 volveret,
646 1660 768 1722 Eur
804 1660 967 1721 dicen
1000 1681 1099 1721 vox
1128 1660 1250 1740 ipsa
1280 1668 1335 1722 et
1361 1658 1561 1736 frigida
1589 1661 1808 1737 lingua,
1995 1658 2112 1722 525

324 1737 441 1800 Ah!
477 1740 742 1799 miseram
774 1799 777 1801 Α
816 1738 1116 1819 urydicen,
1148 1739 1333 1800 anima
1361 1739 1636 1818 fugiente,
1669 1737 1953 1815 vocabat3·
2005 1785 2008 1794 .

324 1811 442 1878 Eur
480 1820 640 1880 dicen
670 1826 781 1885 toto
810 1817 1129 1880 referebant
1157 1818 1390 1879 flumine
1421 1818 1585 1899 ripae.
1623 1838 1653 1878 1>

456 1915 538 1957 aec
566 1898 801 1959 Proteus
821 1902 842 1936 ⁴
869 1918 883 1959 :
913 1904 969 1958 et
994 1916 1056 1958 se
1075 1898 1232 1976 jactu
1258 1896 1413 1959 dedit
1435 1915 1628 1977 {equor
1656 1897 1714 1957 in
1743 1897 1952 1973 altum3

324 1974 556 2055 Quaque
584 1976 767 2054 dedit,
798 1982 1151 2055 spumantem
1178 1976 1387 2037 undam
1414 1976 1517 2037 sub
1547 1976 1754 2037 vertice
1781 1975 1962 2037 torsit.
2017 2021 2022 2027 .

404 2054 477 2116 At
508 2075 621 2115 non
649 2052 893 2133 Cyrene3
923 2073 1165 2133 namque
1193 2056 1339 2117 ultro
1369 2056 1530 2117 affata
1549 2055 1871 2116 timentem:
1997 2056 2118 2119 530

329 2154 361 2195 ‹
392 2133 559 2212 Nate,
591 2134 719 2195 licet
750 2133 938 2194 tristes,
961 2132 1147 2195 animo
1180 2134 1466 2221 deponere
1492 2153 1674 2209 curas.

326 2212 459 2274 Haec
490 2212 673 2275 omnis
697 2212 879 2274 morbi
910 2231 1103 2289 causa3
1134 2212 1285 2275 hunc
1315 2212 1635 2273 miserabile
1662 2210 1933 2291 Nymphae
1951 2260 1968 2289 ‚

326 2291 466 2352 Cum
496 2292 702 2371 quibus
728 2292 825 2353 illa
852 2292 1053 2353 choros
1080 2291 1224 2353 lucis
1252 2291 1492 2369 agitabat
1513 2291 1571 2351 in
1597 2291 1722 2352 altis
1739 2338 1756 2368 ,

326 2369 570 2431 Exitium
598 2372 805 2433 misere
836 2371 1057 2461 apibus.
1092 2371 1178 2433 Tu
1207 2390 1441 2433 munera
1467 2370 1702 2451 supplex
1774 2388 1800 2415 f
1882 2424 1892 2434 .

326 2446 541 2523 Tende‚
575 2457 769 2526 petens
797 2468 1024 2528 pacem,
1058 2458 1115 2511 et
1141 2451 1333 2513 faciles
1363 2466 1630 2511 venerare
1649 2448 1916 2527 Napaeasa
1942 2468 1956 2508 ι
2006 2448 2128 2509 5352

326 2524 579 2605 Namque
605 2526 1065 2599 dabuntven‘iam
1092 2530 1265 2606 votis,
1297 2529 1522 2607 irasque
1547 2528 1853 2590 remittent.

325 2603 469 2681 Sed,
500 2602 928 2665 modus'orandi
958 2605 1051 2685 qui
1081 2606 1154 2666 sit
1173 2654 1188 2683 ‚
1221 2606 1378 2686 prius
1409 2607 1610 2669 ordine
1630 2606 1835 2667 dicam.

326 2683 599 2754 Quattuor
626 2681 870 2743 eximios'
902 2685 1178 2745 ‘raestanti
1205 2703 1442 2765 corpore
1467 2692 1657 2745 tauros
1676 2732 1691 2760 ‚

324 2760 436 2833 Qui
463 2762 564 2824 tibi
595 2771 747 2822 nunc
773 2760 878 2822 viri
920 2760 969 2821 is
989 2761 1299 2841 depascunt
1327 2780 1546 2823 summa
1573 2762 1757 2841 Lycaei
1776 2812 1791 2842 ,

358 2934 412 3005 Ὗ
452 2936 677 3023 Tanaim.
706 2948 793 3023 R‘io
826 2989 921 3038 que
949 2988 1121 3037 separa
1143 2974 1196 3023 la
1245 2954 1420 3037 Hebro,
1466 2938 1674 3025 llamado
1713 2976 1784 3024 asi
1835 2974 1896 3023 de
1944 2974 2118 3036 Eagm,

328 3027 516 3127 Eu'ropa
539 3033 619 3082 del
636 3036 765 3085 Asia.
1127 3096 1137 3106 ⁶
1207 3077 1214 3089 .
1247 3050 1330 3131 rex
1359 3036 1419 3085 de
1443 3036 1627 3085 Tracia.
1841 3054 1860 3063 ··
2014 3096 2024 3105 υ
2075 3096 2082 3105 .

354 3120 361 3127 -
450 3096 703 3145 Ceconum.
722 3096 905 3159 ‚Pueblo
924 3098 984 3147 de
1003 3094 1191 3158 Tucia,
1364 3099 1478 3147 Haec
1515 3098 1746 3149 Proteus.
1786 3096 1931 3159 Suple
1969 3098 2134 3145 dext-t..

329 3156 363 3203 a
386 3155 547 3205 oriuas
574 3154 655 3204 del
680 3152 851 3215 Heium
1309 3158 1332 3193 ⁸
1359 3157 1592 3222 Napoeas.
1613 3158 1792 3209 Μαῖα
1811 3158 1878 3207 de
1911 3156 2126 3207 leemos-

390 3216 415 3251 8
458 3214 697 3280 OEaqrius
747 3212 962 3281 Hebrus.
1015 3219 1074 3272 El
1120 3220 1212 3277 rio.
1247 3232 1385 3283 ques·
1425 3266 1432 3275 .
