2334 3625
747 217 1056 283 caoncxcil.
1101 217 1276 264 manu
1316 218 1380 281 1¹.-
1876 202 1955 267 89

151 339 341 400 Densa
368 334 544 413 magis
573 332 763 396 Cereri
781 382 798 414 ,
828 333 1118 397 rarissima
1149 352 1387 416 quaeque
1412 333 1577 414 Lyaeo
1610 353 1626 395 :

155 419 306 477 Ante
332 416 518 476 locum
549 413 736 494 capies
761 410 940 476 oculis
960 461 978 490 ,
1007 414 1245 494 altaeque
1265 411 1496 493 jubebis
1592 417 1599 426 ‘
1836 411 1957 478 230

153 495 221 558 In
247 493 432 557 solido
460 501 691 575 puteum
719 477 975 556 demitti!
1007 512 1349 573 omnemque
1374 511 1615 576 repones
1660 537 1667 548 ,
1694 515 1701 522 ·
1940 533 1946 544 -

157 575 377 636 Rursus
403 573 641 634 humum
664 618 681 647 ,
712 579 767 633 et
794 568 1034 653 pedihus
1058 591 1311 636 summas
1338 572 1587 653 aequabis
1612 589 1833 634 arenaS.

158 654 219 716 Si
248 654 523 730 deerunt,
555 667 778 728 rarum,
807 651 1112 732 pecorique
1141 660 1199 713 et
1222 651 1427 713 vitibus
1457 649 1619 717 almis

157 732 360 816 Aptius
386 732 530 793 uber
558 731 694 807 erit3
726 731 814 791 sin
840 749 940 792 sua
966 750 1132 812 posse
1159 731 1445 808 negabunt

157 811 249 873 Ire
276 812 430 885 loca,
465 817 527 871 ut
555 809 850 871 scrobibus
877 810 1163 891 superabit
1192 817 1343 872 terra
1368 809 1621 890 repletis,
1841 802 1958 870 235

163 891 390 972 Spissus
417 908 550 967 ager
581 910 596 950 :
628 889 817 966 glebas
846 897 1170 952 cunctantes
1199 908 1499 969 crassaque
1530 897 1682 966 terga

158 971 440 1051 Exspecta
458 1016 474 1046 ,
507 975 563 1030 et
590 968 785 1030 valid1s
812 975 1022 1029 terram
1051 969 1355 1048 proscinde
1376 967 1655 1046 juvencis.

241 1049 402 1111 Salsa
436 1055 628 1108 aute'm
657 1048 826 1108 tellus
853 1055 910 1108 et
935 1066 1061 1128 quae
1089 1046 1419 1128 perhibetur
1442 1065 1672 1122 amara,

155 1128 442 1206 Frugibus
468 1126 662 1188 infelix
691 1127 795 1207 (ea
827 1145 934 1188 nec
960 1125 1305 1188 mansuescit
1331 1126 1541 1186 arando
1559 1172 1575 1200 ,

157 1206 281 1268 Nec
304 1205 529 1268 Baccho
556 1224 731 1282 genus
750 1207 772 1241 ¹
799 1211 895 1268 aut
922 1203 1105 1285 pomis
1130 1224 1235 1266 sua
1261 1203 1493 1265 nomina
1521 1201 1763 1284 servat),
1845 1201 1965 1264 240

163 1285 297 1348 Tale
325 1284 481 1346 dabit
505 1284 793 1365 specimen
826 1305 839 1345 :
872 1291 932 1344 tu
959 1284 1141 1365 spisso
1170 1283 1383 1345 vimine
1406 1283 1607 1364 qualos

165 1364 411 1444 Colaque
440 1364 745 1445 praelorum
775 1363 1011 1424 fumosis
1040 1363 1235 1445 deripe
1259 1362 1451 1446 tectis3

159 1443 288 1506 Huc
313 1462 446 1521 ager
471 1443 569 1504 ille
597 1443 777 1504 malus
794 1490 810 1520 ,
841 1443 1146 1523 dulcesque
1174 1463 1206 1504 a
1233 1443 1489 1504 fontibus
1516 1440 1683 1502 undae

162 1523 253 1585 Ad
283 1523 515 1614 plenum
547 1521 832 1582 calcentur
862 1542 876 1582 :
912 1540 1055 1602 aqua
1085 1521 1423 1583 eluctabitur
1456 1520 1641 1592 omnis
1718 1531 1723 1542 ‘
1937 1546 1944 1555 ·

163 1601 391 1664 Scilicet
419 1608 474 1662 et
501 1600 742 1677 grandes
763 1599 923 1661 ibunt
951 1619 1052 1681 per
1077 1600 1287 1662 vimina
1312 1607 1512 1680 guttae3
1630 1627 1636 1633 ·
1846 1597 1966 1660 245

161 1683 239 1742 At
263 1699 435 1773 sapor
457 1679 732 1751 indicium
761 1679 926 1740 faciet
953 1679 1281 1742 manifestus
1302 1727 1318 1758 ,
1349 1687 1405 1740 et
1432 1698 1531 1741 ora
2004 1705 2014 1720 κ

166 1759 373 1823 Tristia
402 1761 717 1823 tentantssm
743 1777 915 1822 sensu
943 1757 1227 1839 torquebit
1260 1777 1507 1830 amaror„

245 1839 479 1919 Pinguis
508 1838 644 1899 item
675 1857 800 1919 quoe
828 1839 901 1899 sit
926 1839 1090 1900 tellus
1110 1885 1126 1914 ,
1153 1837 1540 1918 hocdenique
1568 1846 1729 1929 pacto

162 1918 483 1995 DiscimuS‚
515 1918 665 1981 haud
690 1937 940 1997 unquam
971 1918 1231 1979 manibus
1254 1920 1462 1999 jactata
1490 1915 1729 1994 sanson,

167 1998 284 2060 Sed
311 1998 455 2079 picis
479 1997 541 2057 in
568 2016 767 2059 moren
795 1997 866 2061 ad
893 1996 1093 2075 digitos
1117 1996 1380 2064 lentescit
1406 1994 1665 2060 habendo
1682 1998 1727 2056 ἓ.
1852 1992 1972 2057 250

245 2076 494 2139 Humida
524 2077 769 2156 majores
796 2076 1000 2137 herbas
1029 2076 1154 2152 alit,
1189 2074 1423 2167 ipsaque
1440 2076 1597 2153 justo

165 2155 378 2218 Laetior
410 2154 562 2219 :ahl
594 2155 834 2217 nimium
861 2175 933 2217 ne
961 2155 1033 2216 sit
1059 2155 1204 2215 mihi
1230 2155 1433 2217 fertilis·
1456 2154 1580 2231 illa,

169 2234 292 2297 Neu
332 2254 396 2296 se
425 2232 781 2316 praevalidam
807 2234 1004 2315 primis
1032 2234 1291 2295 ostendat
1317 2232 1532 2294 aristis!

250 2313 391 2384 Quae
417 2310 602 2391 gravis
626 2321 715 2375 est
740 2314 863 2395 ipso
893 2313 1116 2375 tacitam
1136 2312 1158 2347 ⁸
1186 2333 1245 2374 se
1275 2309 1525 2392 pondere
1554 2306 1745 2393 prodit
1914 2371 1919 2379 ,

175 2390 423 2473 Quaeque
438 2391 599 2455 leviS.
619 2390 957 2473 Prumptum
978 2399 1064 2453 est
1079 2392 1232 2451 oculi
1249 2390 1586 2474 praedfscere
1596 2388 1840 2467 nigram,
1860 2389 1981 2451 255
2018 2458 2030 2473 ³

175 2470 250 2530 Et
349 2471 398 2533 ’s
427 2470 520 2533 cui
548 2471 702 2533 color
732 2491 746 2532 :
781 2477 837 2531 at
860 2470 1196 2532 sceleratum
1214 2474 1235 2507 ⁸
1267 2469 1561 2551 exquirere
1578 2467 1763 2547 ,frigus

177 2547 243 2608 Di
307 2549 414 2612 cile
437 2556 558 2631 est3
595 2550 771 2631 piceae
799 2551 1047 2620 tantum,
1076 2545 1300 2627 taxique
1327 2555 1594 2613 nocentes
1642 2596 1649 2602 .
1720 2602 1725 2611 .

173 2627 498 2704 Interdum,
529 2637 628 2690 aut·
649 2629 877 2690 hederae
908 2628 1158 2709 pandunt
1181 2620 1409 2707 vestigia
1436 2628 1632 2705 nigrae.

253 2706 357 2768 His
382 2706 820 2784 animadversiS,
850 2715 1058 2769 terram
1089 2708 1267 2768 multo
1295 2715 1420 2768 ante
1460 2712 1748 2767 momento

243 2926 256 2957 ¹
291 2927 370 2975 'In
407 2922 564 2975 solido
597 2930 805 2990 puteum
847 2925 1056 2975 demitti.
1113 2938 1252 2974 como
1282 2942 1368 2975 son
1388 2926 1459 2975 los
1474 2924 1765 2973 masdeeste
1784 2924 1977 2987 genero.

179 2986 426 3035 Haeer'un
449 2986 576 3049 hoyo
605 2997 670 3035 en·
694 2980 1010 3035 suelo'ssrme.
1179 2985 1202 3020 δ
1242 2985 1487 3037 Tacitum.
1540 2986 1621 3035 Sin
1657 2990 1760 3037 otro
1802 2986 1993 3041 indicio

239 3048 266 3081 ¹
290 3046 388 3101 Nec
409 3048 608 3097 Baccho
629 3059 806 3108 uenus,
824 3052 921 3096 etc.
942 3050 1060 3097 Por-
1112 3049 1163 3097 ni
1190 3064 1249 3103 ex,
1284 3048 1513 3097 criencia.
1880 3075 1885 3083 -

178 3112 278 3217 que·
305 3106 587 3169 degenerari
615 3122 680 3157 en
703 3107 960 3159 tierra'tan
985 3102 1084 3159 in-'
1178 3110 1200 3143 ⁸
1272 3106 1984 3173 celeratum.Pe1-nicioso,pes-

203 3169 316 3219 eliz.
1013 3182 1018 3189 ·
1114 3169 1349 3219 tilencial.
1379 3170 1447 3219 No
1468 3168 1563 3233 hay
1582 3172 1735 3221 tierra
1758 3183 1875 3233 poor
1888 3179 1985 3231 que

247 3230 273 3265 ⁸
304 3228 566 3283 nubendo.
595 3230 838 3281 Gerundio
873 3230 1062 3295 pasivo,
1115 3228 1164 3279 la
1190 3230 1299 3279 fria.
1598 3237 1603 3243 “
1744 3232 1749 3239 ’
