<?xml version="1.0" encoding="UTF-8"?>
<!DOCTYPE html PUBLIC "-//W3C//DTD XHTML 1.0 Transitional//EN"
    "http://www.w3.org/TR/xhtml1/DTD/xhtml1-transitional.dtd">
<html xmlns="http://www.w3.org/1999/xhtml" xml:lang="en" lang="en">
 <head>
  <title>
</title>
<meta http-equiv="Content-Type" content="text/html;charset=utf-8" />
  <meta name='ocr-system' content='tesseract 3.04.00' />
  <meta name='ocr-capabilities' content='ocr_page ocr_carea ocr_par ocr_line ocrx_word'/>
</head>
<body>
  <div class='ocr_page' id='page_1' title='image "./publiivirgiliim08virggoog_0531.png"; bbox 0 0 2334 3625; ppageno 0'>
   <div class='ocr_carea' id='block_1_1' title="bbox 833 156 2009 219">
    <p class='ocr_par' dir='ltr' id='par_1_1' title="bbox 833 156 2009 219">
     <span class='ocr_line' id='line_1_1' title="bbox 833 156 2009 219; baseline 0.003 -4"><span class='ocrx_word' id='word_1_1' title='bbox 833 168 1044 216; x_wconf 65' lang='lat' dir='ltr'>muns,</span> <span class='ocrx_word' id='word_1_2' title='bbox 1073 166 1246 215; x_wconf 72' lang='lat' dir='ltr'>Lim-:n</span> <span class='ocrx_word' id='word_1_3' title='bbox 1272 172 1373 215; x_wconf 70' lang='grc' dir='ltr'>ΧΠ.</span> <span class='ocrx_word' id='word_1_4' title='bbox 1892 156 2009 219; x_wconf 74' lang='lat'>525</span> 
     </span>
    </p>
   </div>
   <div class='ocr_carea' id='block_1_2' title="bbox 202 288 2063 2823">
    <p class='ocr_par' dir='ltr' id='par_1_2' title="bbox 204 288 1685 461">
     <span class='ocr_line' id='line_1_2' title="bbox 289 288 1685 374; baseline -0.001 -23"><span class='ocrx_word' id='word_1_5' title='bbox 289 288 394 351; x_wconf 85' lang='lat' dir='ltr'>His</span> <span class='ocrx_word' id='word_1_6' title='bbox 422 288 780 365; x_wconf 68' lang='lat' dir='ltr'>actis.,=aliud</span> <span class='ocrx_word' id='word_1_7' title='bbox 808 288 1041 352; x_wconf 82' lang='lat' dir='ltr'>Genitor</span> <span class='ocrx_word' id='word_1_8' title='bbox 1069 306 1264 349; x_wconf 78' lang='lat' dir='ltr'>seeum</span> <span class='ocrx_word' id='word_1_9' title='bbox 1296 288 1419 374; x_wconf 85' lang='lat' dir='ltr'>ipse</span> <span class='ocrx_word' id='word_1_10' title='bbox 1444 289 1685 363; x_wconf 83' lang='lat' dir='ltr'>volutat3</span> 
     </span>
     <span class='ocr_line' id='line_1_3' title="bbox 204 366 1649 461; baseline -0.002 -30"><span class='ocrx_word' id='word_1_11' title='bbox 204 368 237 432; x_wconf 87' lang='lat' dir='ltr'>J</span> <span class='ocrx_word' id='word_1_12' title='bbox 241 376 620 448; x_wconf 78' lang='lat' dir='ltr'>uun-namque</span> <span class='ocrx_word' id='word_1_13' title='bbox 646 378 808 461; x_wconf 79' lang='lat' dir='ltr'>parat</span> <span class='ocrx_word' id='word_1_14' title='bbox 833 369 1021 429; x_wconf 83' lang='lat' dir='ltr'>fratris</span> <span class='ocrx_word' id='word_1_15' title='bbox 1043 366 1329 429; x_wconf 75' lang='lat' dir='ltr'>dimittere</span> <span class='ocrx_word' id='word_1_16' title='bbox 1357 367 1426 428; x_wconf 89' lang='lat' dir='ltr'>ab</span> <span class='ocrx_word' id='word_1_17' title='bbox 1453 367 1649 428; x_wconf 76' lang='lat' dir='ltr'>armis,</span> 
     </span>
    </p>

    <p class='ocr_par' dir='ltr' id='par_1_3' title="bbox 202 446 2013 607">
     <span class='ocr_line' id='line_1_4' title="bbox 203 446 2013 528; baseline 0 -19"><span class='ocrx_word' id='word_1_18' title='bbox 203 446 487 511; x_wconf 85' lang='lat' dir='ltr'><strong>Dicuntur</strong></span> <span class='ocrx_word' id='word_1_19' title='bbox 513 466 752 526; x_wconf 83' lang='lat' dir='ltr'>gemmae</span> <span class='ocrx_word' id='word_1_20' title='bbox 780 456 966 528; x_wconf 80' lang='lat' dir='ltr'>pestes</span> <span class='ocrx_word' id='word_1_21' title='bbox 986 449 1005 483; x_wconf 85' lang='lat'>⁴·</span> <span class='ocrx_word' id='word_1_22' title='bbox 1034 447 1367 526; x_wconf 80' lang='lat' dir='ltr'>cognomine</span> <span class='ocrx_word' id='word_1_23' title='bbox 1392 446 1541 508; x_wconf 85' lang='lat' dir='ltr'>Dirae</span> <span class='ocrx_word' id='word_1_24' title='bbox 1565 494 1581 525; x_wconf 90' lang='lat'>‚</span> <span class='ocrx_word' id='word_1_25' title='bbox 1890 446 2013 509; x_wconf 61' lang='lat'>845</span> 
     </span>
     <span class='ocr_line' id='line_1_5' title="bbox 202 525 1600 607; baseline -0.003 -18"><span class='ocrx_word' id='word_1_26' title='bbox 202 526 361 599; x_wconf 85' lang='lat' dir='ltr'>Quas</span> <span class='ocrx_word' id='word_1_27' title='bbox 388 535 446 588; x_wconf 92' lang='lat' dir='ltr'>et</span> <span class='ocrx_word' id='word_1_28' title='bbox 471 535 768 589; x_wconf 83' lang='lat' dir='ltr'>tartaream</span> <span class='ocrx_word' id='word_1_29' title='bbox 795 526 843 587; x_wconf 91' lang='lat' dir='ltr'>N</span> <span class='ocrx_word' id='word_1_30' title='bbox 847 546 914 587; x_wconf 86' lang='lat' dir='ltr'>ox</span> <span class='ocrx_word' id='word_1_31' title='bbox 941 526 1276 607; x_wconf 79' lang='lat' dir='ltr'>intempesta</span> <span class='ocrx_word' id='word_1_32' title='bbox 1304 525 1600 603; x_wconf 83' lang='lat' dir='ltr'>Megaeram</span> 
     </span>
    </p>

    <p class='ocr_par' dir='ltr' id='par_1_4' title="bbox 207 604 1711 766">
     <span class='ocr_line' id='line_1_6' title="bbox 207 604 1711 687; baseline -0.002 -18"><span class='ocrx_word' id='word_1_33' title='bbox 207 606 343 669; x_wconf 90' lang='lat' dir='ltr'>Uno</span> <span class='ocrx_word' id='word_1_34' title='bbox 375 606 694 686; x_wconf 79' lang='lat' dir='ltr'>eodemque</span> <span class='ocrx_word' id='word_1_35' title='bbox 721 606 847 668; x_wconf 86' lang='lat' dir='ltr'>tulit</span> <span class='ocrx_word' id='word_1_36' title='bbox 874 613 1035 687; x_wconf 86' lang='lat' dir='ltr'>partu</span> <span class='ocrx_word' id='word_1_37' title='bbox 1058 653 1073 682; x_wconf 90' lang='lat'><strong><em>,</em></strong></span> <span class='ocrx_word' id='word_1_38' title='bbox 1105 604 1335 685; x_wconf 83' lang='lat' dir='ltr'>paribus</span> <span class='ocrx_word' id='word_1_39' title='bbox 1376 624 1449 666; x_wconf 86' lang='lat' dir='ltr'>ue</span> <span class='ocrx_word' id='word_1_40' title='bbox 1474 605 1711 666; x_wconf 85' lang='lat' dir='ltr'>revinxit</span> 
     </span>
     <span class='ocr_line' id='line_1_7' title="bbox 209 682 1579 766; baseline -0.004 -17"><span class='ocrx_word' id='word_1_41' title='bbox 209 683 551 766; x_wconf 76' lang='lat' dir='ltr'>Serpentum</span> <span class='ocrx_word' id='word_1_42' title='bbox 576 704 602 746; x_wconf 91' lang='lat' dir='ltr'>s</span> <span class='ocrx_word' id='word_1_43' title='bbox 644 685 773 763; x_wconf 88' lang='lat' dir='ltr'>iris,</span> <span class='ocrx_word' id='word_1_44' title='bbox 804 682 1177 765; x_wconf 77' lang='lat' dir='ltr'>ventosasque</span> <span class='ocrx_word' id='word_1_45' title='bbox 1204 685 1334 745; x_wconf 84' lang='lat' dir='ltr'>addi</span> <span class='ocrx_word' id='word_1_46' title='bbox 1376 685 1421 745; x_wconf 88' lang='lat' dir='ltr'>it</span> <span class='ocrx_word' id='word_1_47' title='bbox 1443 685 1579 745; x_wconf 85' lang='lat' dir='ltr'>alas.</span> 
     </span>
    </p>

    <p class='ocr_par' dir='ltr' id='par_1_5' title="bbox 208 762 2037 1079">
     <span class='ocr_line' id='line_1_8' title="bbox 208 762 2037 843; baseline -0.002 -18"><span class='ocrx_word' id='word_1_48' title='bbox 208 763 528 827; x_wconf 62' lang='lat' dir='ltr'>Haecduvis</span> <span class='ocrx_word' id='word_1_49' title='bbox 551 784 586 826; x_wconf 83' lang='lat' dir='ltr'>a</span> <span class='ocrx_word' id='word_1_50' title='bbox 647 765 853 826; x_wconf 88' lang='lat' dir='ltr'>solium</span> <span class='ocrx_word' id='word_1_51' title='bbox 871 809 890 841; x_wconf 88' lang='lat'>‚</span> <span class='ocrx_word' id='word_1_52' title='bbox 923 764 1169 843; x_wconf 77' lang='lat' dir='ltr'>saevique</span> <span class='ocrx_word' id='word_1_53' title='bbox 1194 765 1259 824; x_wconf 85' lang='lat' dir='ltr'>in</span> <span class='ocrx_word' id='word_1_54' title='bbox 1278 763 1477 825; x_wconf 80' lang='lat' dir='ltr'>limine</span> <span class='ocrx_word' id='word_1_55' title='bbox 1508 762 1659 841; x_wconf 81' lang='lat' dir='ltr'>regis</span> <span class='ocrx_word' id='word_1_56' title='bbox 2008 786 2037 842; x_wconf 86' lang='lat'>&#39;.</span> 
     </span>
     <span class='ocr_line' id='line_1_9' title="bbox 208 841 2015 934; baseline -0.001 -29"><span class='ocrx_word' id='word_1_57' title='bbox 208 844 556 934; x_wconf 81' lang='lat' dir='ltr'>Apparent²‚</span> <span class='ocrx_word' id='word_1_58' title='bbox 588 852 908 922; x_wconf 81' lang='lat' dir='ltr'>acuuntque</span> <span class='ocrx_word' id='word_1_59' title='bbox 936 851 1150 904; x_wconf 86' lang='lat' dir='ltr'>metum</span> <span class='ocrx_word' id='word_1_60' title='bbox 1178 842 1507 904; x_wconf 80' lang='lat' dir='ltr'>mortalibus</span> <span class='ocrx_word' id='word_1_61' title='bbox 1537 841 1735 920; x_wconf 78' lang='lat' dir='ltr'>aegriS,</span> <span class='ocrx_word' id='word_1_62' title='bbox 1829 916 1837 923; x_wconf 87' lang='lat'>.</span> <span class='ocrx_word' id='word_1_63' title='bbox 1896 841 2015 923; x_wconf 79' lang='lat'>850</span> 
     </span>
     <span class='ocr_line' id='line_1_10' title="bbox 209 920 2027 1001; baseline -0.001 -19"><span class='ocrx_word' id='word_1_64' title='bbox 209 920 276 983; x_wconf 79' lang='lat'>81</span> <span class='ocrx_word' id='word_1_65' title='bbox 341 923 528 984; x_wconf 88' lang='lat' dir='ltr'>uando</span> <span class='ocrx_word' id='word_1_66' title='bbox 552 922 770 984; x_wconf 81' lang='lat' dir='ltr'>lethum</span> <span class='ocrx_word' id='word_1_67' title='bbox 797 921 1133 983; x_wconf 82' lang='lat' dir='ltr'>horrificum</span> <span class='ocrx_word' id='word_1_68' title='bbox 1161 921 1505 1001; x_wconf 69' lang='lat' dir='ltr'>morbosque</span> <span class='ocrx_word' id='word_1_69' title='bbox 1530 922 1703 982; x_wconf 77' lang='lat' dir='ltr'>deum</span> <span class='ocrx_word' id='word_1_70' title='bbox 1728 938 1826 982; x_wconf 84' lang='lat' dir='ltr'>rex</span> <span class='ocrx_word' id='word_1_71' title='bbox 2020 939 2027 947; x_wconf 92' lang='lat'><strong>·</strong></span> 
     </span>
     <span class='ocr_line' id='line_1_11' title="bbox 210 1000 1496 1079; baseline 0 -18"><span class='ocrx_word' id='word_1_72' title='bbox 210 1000 306 1062; x_wconf 80' lang='grc' dir='ltr'>Μο</span> <span class='ocrx_word' id='word_1_73' title='bbox 329 1008 470 1079; x_wconf 90' lang='lat' dir='ltr'>1tur,</span> <span class='ocrx_word' id='word_1_74' title='bbox 501 1001 730 1063; x_wconf 85' lang='lat' dir='ltr'>meritas</span> <span class='ocrx_word' id='word_1_75' title='bbox 758 1008 852 1061; x_wconf 86' lang='lat' dir='ltr'>aut</span> <span class='ocrx_word' id='word_1_76' title='bbox 877 1000 1028 1061; x_wconf 84' lang='lat' dir='ltr'>hello</span> <span class='ocrx_word' id='word_1_77' title='bbox 1058 1001 1279 1061; x_wconf 82' lang='lat' dir='ltr'>territat</span> <span class='ocrx_word' id='word_1_78' title='bbox 1303 1001 1496 1066; x_wconf 77' lang='lat' dir='ltr'>urbes,</span> 
     </span>
    </p>

    <p class='ocr_par' dir='ltr' id='par_1_6' title="bbox 211 1078 1760 1239">
     <span class='ocr_line' id='line_1_12' title="bbox 211 1078 1760 1143; baseline -0.003 -1"><span class='ocrx_word' id='word_1_79' title='bbox 211 1078 431 1143; x_wconf 82' lang='lat' dir='ltr'>Harum</span> <span class='ocrx_word' id='word_1_80' title='bbox 459 1100 628 1142; x_wconf 89' lang='lat' dir='ltr'>unam</span> <span class='ocrx_word' id='word_1_81' title='bbox 655 1078 898 1142; x_wconf 76' lang='lat' dir='ltr'>celerem</span> <span class='ocrx_word' id='word_1_82' title='bbox 933 1079 1176 1141; x_wconf 82' lang='lat' dir='ltr'>demittit</span> <span class='ocrx_word' id='word_1_83' title='bbox 1201 1080 1271 1141; x_wconf 89' lang='lat' dir='ltr'>ab</span> <span class='ocrx_word' id='word_1_84' title='bbox 1296 1080 1509 1142; x_wconf 82' lang='lat' dir='ltr'>aethere</span> <span class='ocrx_word' id='word_1_85' title='bbox 1536 1084 1760 1139; x_wconf 83' lang='lat' dir='ltr'>sum&#39;mo</span> 
     </span>
     <span class='ocr_line' id='line_1_13' title="bbox 211 1157 1718 1239; baseline -0.003 -18"><span class='ocrx_word' id='word_1_86' title='bbox 211 1157 505 1239; x_wconf 72' lang='lat' dir='ltr'>luppiter,</span> <span class='ocrx_word' id='word_1_87' title='bbox 533 1160 594 1219; x_wconf 91' lang='lat' dir='ltr'>in</span> <span class='ocrx_word' id='word_1_88' title='bbox 634 1179 707 1221; x_wconf 91' lang='lat' dir='ltr'>ue</span> <span class='ocrx_word' id='word_1_89' title='bbox 735 1178 904 1221; x_wconf 88' lang='lat' dir='ltr'>omen</span> <span class='ocrx_word' id='word_1_90' title='bbox 923 1158 1179 1221; x_wconf 83' lang='lat' dir='ltr'>Juturnae</span> <span class='ocrx_word' id='word_1_91' title='bbox 1207 1176 1507 1220; x_wconf 82' lang='lat' dir='ltr'>occurrere</span> <span class='ocrx_word' id='word_1_92' title='bbox 1528 1157 1718 1238; x_wconf 88' lang='lat' dir='ltr'>jussit.</span> 
     </span>
    </p>

    <p class='ocr_par' dir='ltr' id='par_1_7' title="bbox 212 1236 2055 1875">
     <span class='ocr_line' id='line_1_14' title="bbox 212 1236 2018 1323; baseline -0.001 -24"><span class='ocrx_word' id='word_1_93' title='bbox 212 1236 317 1299; x_wconf 85' lang='lat' dir='ltr'>Ina</span> <span class='ocrx_word' id='word_1_94' title='bbox 343 1238 526 1317; x_wconf 87' lang='lat' dir='ltr'>volat,</span> <span class='ocrx_word' id='word_1_95' title='bbox 555 1258 618 1300; x_wconf 91' lang='lat' dir='ltr'>ce</span> <span class='ocrx_word' id='word_1_96' title='bbox 641 1238 838 1319; x_wconf 88' lang='lat' dir='ltr'>eriquc</span> <span class='ocrx_word' id='word_1_97' title='bbox 863 1238 935 1323; x_wconf 77' lang='lat' dir='ltr'>ad</span> <span class='ocrx_word' id='word_1_98' title='bbox 962 1246 1177 1299; x_wconf 85' lang='lat' dir='ltr'>terram</span> <span class='ocrx_word' id='word_1_99' title='bbox 1209 1237 1431 1299; x_wconf 82' lang='lat' dir='ltr'>turbine</span> <span class='ocrx_word' id='word_1_100' title='bbox 1460 1239 1681 1299; x_wconf 77' lang='lat' dir='ltr'>fertur:</span> <span class='ocrx_word' id='word_1_101' title='bbox 1890 1236 2018 1297; x_wconf 85' lang='lat'>-855</span> 
     </span>
     <span class='ocr_line' id='line_1_15' title="bbox 213 1315 2041 1397; baseline 0 -20"><span class='ocrx_word' id='word_1_102' title='bbox 213 1315 343 1377; x_wconf 87' lang='lat' dir='ltr'>Non</span> <span class='ocrx_word' id='word_1_103' title='bbox 371 1318 536 1379; x_wconf 71' lang='lat' dir='ltr'>secus</span> <span class='ocrx_word' id='word_1_104' title='bbox 564 1337 630 1379; x_wconf 88' lang='lat' dir='ltr'>ac</span> <span class='ocrx_word' id='word_1_105' title='bbox 655 1337 827 1380; x_wconf 83' lang='lat' dir='ltr'>nervo</span> <span class='ocrx_word' id='word_1_106' title='bbox 857 1336 963 1397; x_wconf 88' lang='lat' dir='ltr'>per</span> <span class='ocrx_word' id='word_1_107' title='bbox 985 1316 1197 1378; x_wconf 90' lang='lat' dir='ltr'>nubem</span> <span class='ocrx_word' id='word_1_108' title='bbox 1225 1316 1467 1397; x_wconf 87' lang='lat' dir='ltr'>impulsa</span> <span class='ocrx_word' id='word_1_109' title='bbox 1490 1317 1709 1394; x_wconf 85' lang='lat' dir='ltr'>sagitta,</span> <span class='ocrx_word' id='word_1_110' title='bbox 2036 1322 2041 1329; x_wconf 82' lang='lat'>&#39;</span> 
     </span>
     <span class='ocr_line' id='line_1_16' title="bbox 215 1394 1985 1475; baseline -0.003 -19"><span class='ocrx_word' id='word_1_111' title='bbox 215 1394 510 1461; x_wconf 80' lang='lat' dir='ltr'>Armatam</span> <span class='ocrx_word' id='word_1_112' title='bbox 539 1398 671 1458; x_wconf 81' lang='lat' dir='ltr'>saevi</span> <span class='ocrx_word' id='word_1_113' title='bbox 699 1396 942 1458; x_wconf 87' lang='lat' dir='ltr'>Parthus</span> <span class='ocrx_word' id='word_1_114' title='bbox 969 1412 1135 1475; x_wconf 86' lang='lat' dir='ltr'>quam</span> <span class='ocrx_word' id='word_1_115' title='bbox 1167 1396 1297 1457; x_wconf 82' lang='lat' dir='ltr'>felle</span> <span class='ocrx_word' id='word_1_116' title='bbox 1322 1396 1560 1473; x_wconf 90' lang='lat' dir='ltr'>veneni,</span> <span class='ocrx_word' id='word_1_117' title='bbox 1850 1432 1857 1439; x_wconf 75' lang='lat'><strong>·</strong></span> <span class='ocrx_word' id='word_1_118' title='bbox 1977 1444 1985 1451; x_wconf 83' lang='lat'><em>.</em></span> 
     </span>
     <span class='ocr_line' id='line_1_17' title="bbox 215 1471 2035 1557; baseline 0.001 -23"><span class='ocrx_word' id='word_1_119' title='bbox 215 1471 461 1537; x_wconf 86' lang='lat' dir='ltr'>Parthus</span> <span class='ocrx_word' id='word_1_120' title='bbox 481 1522 496 1553; x_wconf 92' lang='lat'><strong>,</strong></span> <span class='ocrx_word' id='word_1_121' title='bbox 529 1475 647 1539; x_wconf 79' lang='lat' dir='ltr'>sive</span> <span class='ocrx_word' id='word_1_122' title='bbox 675 1474 920 1557; x_wconf 58' lang='lat' dir='ltr'>Cydonss,</span> <span class='ocrx_word' id='word_1_123' title='bbox 951 1476 1125 1536; x_wconf 86' lang='lat' dir='ltr'>telum</span> <span class='ocrx_word' id='word_1_124' title='bbox 1156 1474 1571 1536; x_wconf 87' lang='lat' dir='ltr'>immedicabile</span> <span class='ocrx_word' id='word_1_125' title='bbox 1591 1522 1606 1551; x_wconf 91' lang='lat'>,</span> <span class='ocrx_word' id='word_1_126' title='bbox 1640 1473 1834 1552; x_wconf 86' lang='lat' dir='ltr'>torsit,</span> <span class='ocrx_word' id='word_1_127' title='bbox 1936 1480 1943 1489; x_wconf 93' lang='lat'><em>&#39;</em></span> <span class='ocrx_word' id='word_1_128' title='bbox 2014 1472 2035 1497; x_wconf 91' lang='grc'><strong><em>”</em></strong></span> 
     </span>
     <span class='ocr_line' id='line_1_18' title="bbox 217 1550 2055 1632; baseline 0.001 -19"><span class='ocrx_word' id='word_1_129' title='bbox 217 1550 502 1632; x_wconf 82' lang='lat' dir='ltr'>StridenS‚</span> <span class='ocrx_word' id='word_1_130' title='bbox 534 1563 595 1617; x_wconf 85' lang='lat' dir='ltr'>et</span> <span class='ocrx_word' id='word_1_131' title='bbox 615 1557 828 1617; x_wconf 83' lang='lat' dir='ltr'>celeres</span> <span class='ocrx_word' id='word_1_132' title='bbox 855 1554 1132 1631; x_wconf 83' lang='lat' dir='ltr'>incognita</span> <span class='ocrx_word' id='word_1_133' title='bbox 1159 1554 1403 1615; x_wconf 87' lang='lat' dir='ltr'>transilit</span> <span class='ocrx_word' id='word_1_134' title='bbox 1431 1554 1661 1615; x_wconf 85' lang='lat' dir='ltr'>umbras</span> <span class='ocrx_word' id='word_1_135' title='bbox 1696 1574 1710 1614; x_wconf 75' lang='grc' dir='ltr'>ε</span> <span class='ocrx_word' id='word_1_136' title='bbox 2045 1614 2055 1626; x_wconf 60' lang='grc'><strong>,</strong></span> 
     </span>
     <span class='ocr_line' id='line_1_19' title="bbox 216 1631 2023 1714; baseline -0.001 -19"><span class='ocrx_word' id='word_1_137' title='bbox 216 1632 371 1695; x_wconf 87' lang='lat' dir='ltr'>Talis</span> <span class='ocrx_word' id='word_1_138' title='bbox 399 1652 461 1695; x_wconf 88' lang='lat' dir='ltr'>se</span> <span class='ocrx_word' id='word_1_139' title='bbox 489 1640 611 1695; x_wconf 82' lang='lat' dir='ltr'>sata</span> <span class='ocrx_word' id='word_1_140' title='bbox 636 1633 812 1695; x_wconf 84' lang='lat' dir='ltr'>Nocte</span> <span class='ocrx_word' id='word_1_141' title='bbox 839 1633 997 1709; x_wconf 86' lang='lat' dir='ltr'>tulit,</span> <span class='ocrx_word' id='word_1_142' title='bbox 1029 1640 1323 1713; x_wconf 87' lang='lat' dir='ltr'>terrasque</span> <span class='ocrx_word' id='word_1_143' title='bbox 1350 1632 1562 1714; x_wconf 88' lang='lat' dir='ltr'>petivit.</span> <span class='ocrx_word' id='word_1_144' title='bbox 1814 1654 1821 1673; x_wconf 84' lang='lat'>=</span> <span class='ocrx_word' id='word_1_145' title='bbox 1902 1631 2023 1695; x_wconf 77' lang='lat'>860</span> 
     </span>
     <span class='ocr_line' id='line_1_20' title="bbox 217 1710 1951 1793; baseline 0 -20"><span class='ocrx_word' id='word_1_146' title='bbox 217 1710 525 1793; x_wconf 86' lang='lat' dir='ltr'>Postquam</span> <span class='ocrx_word' id='word_1_147' title='bbox 551 1712 704 1775; x_wconf 84' lang='lat' dir='ltr'>acies</span> <span class='ocrx_word' id='word_1_148' title='bbox 727 1713 882 1773; x_wconf 56' lang='lat' dir='ltr'>ridet</span> <span class='ocrx_word' id='word_1_149' title='bbox 903 1711 1098 1772; x_wconf 84' lang='lat' dir='ltr'>iliacas</span> <span class='ocrx_word' id='word_1_150' title='bbox 1125 1718 1291 1791; x_wconf 90' lang='lat' dir='ltr'>atque</span> <span class='ocrx_word' id='word_1_151' title='bbox 1318 1713 1543 1791; x_wconf 81' lang='lat' dir='ltr'>agmina</span> <span class='ocrx_word' id='word_1_152' title='bbox 1569 1712 1773 1791; x_wconf 85' lang='lat' dir='ltr'>Turni,</span> <span class='ocrx_word' id='word_1_153' title='bbox 1932 1714 1951 1721; x_wconf 84' lang='grc'>“’</span> 
     </span>
     <span class='ocr_line' id='line_1_21' title="bbox 217 1790 1479 1875; baseline 0.002 -24"><span class='ocrx_word' id='word_1_154' title='bbox 217 1790 384 1854; x_wconf 84' lang='lat' dir='ltr'>Alitis</span> <span class='ocrx_word' id='word_1_155' title='bbox 410 1791 469 1853; x_wconf 91' lang='lat' dir='ltr'>in</span> <span class='ocrx_word' id='word_1_156' title='bbox 497 1810 685 1875; x_wconf 82' lang='lat' dir='ltr'>parvae</span> <span class='ocrx_word' id='word_1_157' title='bbox 713 1792 957 1854; x_wconf 87' lang='lat' dir='ltr'>suhitam</span> <span class='ocrx_word' id='word_1_158' title='bbox 989 1791 1223 1853; x_wconf 62' lang='lat' dir='ltr'>collecta</span> <span class='ocrx_word' id='word_1_159' title='bbox 1244 1790 1479 1870; x_wconf 85' lang='lat' dir='ltr'>figuram</span> 
     </span>
    </p>

    <p class='ocr_par' dir='ltr' id='par_1_8' title="bbox 215 1869 2033 2346">
     <span class='ocr_line' id='line_1_22' title="bbox 215 1869 1867 1952; baseline -0.001 -19"><span class='ocrx_word' id='word_1_160' title='bbox 215 1869 358 1942; x_wconf 83' lang='lat' dir='ltr'>Quae</span> <span class='ocrx_word' id='word_1_161' title='bbox 386 1871 671 1952; x_wconf 86' lang='lat' dir='ltr'>quondam</span> <span class='ocrx_word' id='word_1_162' title='bbox 698 1871 758 1932; x_wconf 88' lang='lat' dir='ltr'>in</span> <span class='ocrx_word' id='word_1_163' title='bbox 785 1871 976 1944; x_wconf 81' lang='lat' dir='ltr'>bustis</span> <span class='ocrx_word' id='word_1_164' title='bbox 994 1878 1090 1932; x_wconf 88' lang='lat' dir='ltr'>aut</span> <span class='ocrx_word' id='word_1_165' title='bbox 1115 1871 1455 1934; x_wconf 86' lang='lat' dir='ltr'>culminibus</span> <span class='ocrx_word' id='word_1_166' title='bbox 1484 1872 1724 1934; x_wconf 87' lang='lat' dir='ltr'>desertis</span> <span class='ocrx_word' id='word_1_167' title='bbox 1838 1892 1867 1951; x_wconf 84' lang='lat'>&#39;.</span> 
     </span>
     <span class='ocr_line' id='line_1_23' title="bbox 219 1949 1871 2031; baseline -0.001 -19"><span class='ocrx_word' id='word_1_168' title='bbox 219 1949 400 2012; x_wconf 89' lang='lat' dir='ltr'>Nocte</span> <span class='ocrx_word' id='word_1_169' title='bbox 425 1950 658 2030; x_wconf 69' lang='lat' dir='ltr'>sedem,</span> <span class='ocrx_word' id='word_1_170' title='bbox 689 1952 916 2014; x_wconf 67' lang='lat' dir='ltr'>serum*</span> <span class='ocrx_word' id='word_1_171' title='bbox 941 1951 1088 2011; x_wconf 85' lang='lat' dir='ltr'>canit</span> <span class='ocrx_word' id='word_1_172' title='bbox 1115 1949 1441 2031; x_wconf 87' lang='lat' dir='ltr'>importuna</span> <span class='ocrx_word' id='word_1_173' title='bbox 1508 1971 1572 2012; x_wconf 89' lang='lat' dir='ltr'>er</span> <span class='ocrx_word' id='word_1_174' title='bbox 1598 1950 1828 2010; x_wconf 87' lang='lat' dir='ltr'>umbras</span> <span class='ocrx_word' id='word_1_175' title='bbox 1857 1970 1871 2009; x_wconf 77' lang='grc' dir='ltr'><strong><em>ε</em></strong></span> 
     </span>
     <span class='ocr_line' id='line_1_24' title="bbox 220 2027 2022 2110; baseline 0.001 -22"><span class='ocrx_word' id='word_1_176' title='bbox 220 2027 383 2089; x_wconf 86' lang='lat' dir='ltr'>Hanc</span> <span class='ocrx_word' id='word_1_177' title='bbox 407 2047 570 2090; x_wconf 77' lang='lat' dir='ltr'>versa</span> <span class='ocrx_word' id='word_1_178' title='bbox 595 2029 657 2088; x_wconf 90' lang='lat' dir='ltr'>in</span> <span class='ocrx_word' id='word_1_179' title='bbox 683 2029 888 2090; x_wconf 75' lang='lat' dir='ltr'>faciem</span> <span class='ocrx_word' id='word_1_180' title='bbox 908 2076 923 2107; x_wconf 91' lang='lat'><strong>,</strong></span> <span class='ocrx_word' id='word_1_181' title='bbox 955 2029 1133 2090; x_wconf 83' lang='lat' dir='ltr'>Turni</span> <span class='ocrx_word' id='word_1_182' title='bbox 1157 2048 1220 2090; x_wconf 89' lang='lat' dir='ltr'>se</span> <span class='ocrx_word' id='word_1_183' title='bbox 1246 2031 1419 2110; x_wconf 86' lang='lat' dir='ltr'>pestis</span> <span class='ocrx_word' id='word_1_184' title='bbox 1446 2051 1479 2090; x_wconf 91' lang='lat' dir='ltr'>o</span> <span class='ocrx_word' id='word_1_185' title='bbox 1551 2046 1652 2090; x_wconf 86' lang='lat' dir='ltr'>ora</span> <span class='ocrx_word' id='word_1_186' title='bbox 1872 2029 2022 2091; x_wconf 81' lang='grc'><strong>’865</strong></span> 
     </span>
     <span class='ocr_line' id='line_1_25' title="bbox 219 2105 2033 2200; baseline 0 -31"><span class='ocrx_word' id='word_1_187' title='bbox 219 2105 472 2187; x_wconf 88' lang='lat' dir='ltr'>Fertque</span> <span class='ocrx_word' id='word_1_188' title='bbox 501 2107 785 2188; x_wconf 81' lang='lat' dir='ltr'>refertque</span> <span class='ocrx_word' id='word_1_189' title='bbox 809 2127 1033 2182; x_wconf 78' lang='lat' dir='ltr'>sonanS,</span> <span class='ocrx_word' id='word_1_190' title='bbox 1067 2108 1439 2200; x_wconf 78' lang='lat' dir='ltr'>clypeumque</span> <span class='ocrx_word' id='word_1_191' title='bbox 1468 2108 1761 2170; x_wconf 80' lang='lat' dir='ltr'>everberat</span> <span class='ocrx_word' id='word_1_192' title='bbox 1785 2107 1913 2170; x_wconf 75' lang='lat' dir='ltr'>aiis·</span> <span class='ocrx_word' id='word_1_193' title='bbox 2020 2129 2033 2146; x_wconf 64' lang='lat'><strong>⁴</strong></span> 
     </span>
     <span class='ocr_line' id='line_1_26' title="bbox 221 2183 1991 2268; baseline 0.001 -22"><span class='ocrx_word' id='word_1_194' title='bbox 221 2183 312 2246; x_wconf 92' lang='lat' dir='ltr'>Illi</span> <span class='ocrx_word' id='word_1_195' title='bbox 333 2185 592 2248; x_wconf 88' lang='lat' dir='ltr'>membra</span> <span class='ocrx_word' id='word_1_196' title='bbox 619 2205 796 2248; x_wconf 87' lang='lat' dir='ltr'>novus</span> <span class='ocrx_word' id='word_1_197' title='bbox 822 2186 988 2248; x_wconf 86' lang='lat' dir='ltr'>solvit</span> <span class='ocrx_word' id='word_1_198' title='bbox 1013 2187 1317 2248; x_wconf 72' lang='lat' dir='ltr'>formidine</span> <span class='ocrx_word' id='word_1_199' title='bbox 1344 2197 1583 2268; x_wconf 81' lang='lat' dir='ltr'>lorp0r3&#39;</span> <span class='ocrx_word' id='word_1_200' title='bbox 1668 2220 1675 2228; x_wconf 94' lang='lat'>·</span> <span class='ocrx_word' id='word_1_201' title='bbox 1720 2201 1725 2208; x_wconf 80' lang='lat'><strong>·</strong></span> <span class='ocrx_word' id='word_1_202' title='bbox 1908 2249 1915 2256; x_wconf 77' lang='grc'><strong>,</strong></span> <span class='ocrx_word' id='word_1_203' title='bbox 1986 2219 1991 2226; x_wconf 98' lang='grc'>-</span> 
     </span>
     <span class='ocr_line' id='line_1_27' title="bbox 221 2263 1793 2346; baseline -0.001 -16"><span class='ocrx_word' id='word_1_204' title='bbox 221 2263 585 2346; x_wconf 79' lang='lat' dir='ltr'>Arrectaeque</span> <span class='ocrx_word' id='word_1_205' title='bbox 616 2266 854 2327; x_wconf 86' lang='lat' dir='ltr'>horrore</span> <span class='ocrx_word' id='word_1_206' title='bbox 881 2285 1082 2343; x_wconf 74' lang='lat' dir='ltr'>comae,</span> <span class='ocrx_word' id='word_1_207' title='bbox 1109 2273 1169 2328; x_wconf 84' lang='lat' dir='ltr'>et</span> <span class='ocrx_word' id='word_1_208' title='bbox 1197 2283 1300 2327; x_wconf 86' lang='lat' dir='ltr'>vox</span> <span class='ocrx_word' id='word_1_209' title='bbox 1327 2267 1581 2328; x_wconf 79' lang='lat' dir='ltr'>faucibus</span> <span class='ocrx_word' id='word_1_210' title='bbox 1609 2266 1793 2329; x_wconf 78' lang='lat' dir='ltr'>haesit.</span> 
     </span>
    </p>

    <p class='ocr_par' dir='ltr' id='par_1_9' title="bbox 224 2342 2063 2823">
     <span class='ocr_line' id='line_1_28' title="bbox 300 2342 2011 2426; baseline 0.002 -21"><span class='ocrx_word' id='word_1_211' title='bbox 300 2342 374 2406; x_wconf 82' lang='lat' dir='ltr'>At</span> <span class='ocrx_word' id='word_1_212' title='bbox 390 2392 407 2423; x_wconf 91' lang='lat'>,</span> <span class='ocrx_word' id='word_1_213' title='bbox 437 2345 638 2426; x_wconf 89' lang='lat' dir='ltr'>procul</span> <span class='ocrx_word' id='word_1_214' title='bbox 659 2352 725 2406; x_wconf 83' lang='lat' dir='ltr'>ut</span> <span class='ocrx_word' id='word_1_215' title='bbox 747 2346 895 2407; x_wconf 85' lang='lat' dir='ltr'>Dirae</span> <span class='ocrx_word' id='word_1_216' title='bbox 922 2346 1223 2407; x_wconf 86' lang='lat' dir='ltr'>stridorem</span> <span class='ocrx_word' id='word_1_217' title='bbox 1254 2347 1477 2423; x_wconf 84' lang='lat' dir='ltr'>agnovit</span> <span class='ocrx_word' id='word_1_218' title='bbox 1502 2355 1558 2408; x_wconf 82' lang='lat' dir='ltr'>et</span> <span class='ocrx_word' id='word_1_219' title='bbox 1583 2347 1697 2408; x_wconf 79' lang='lat' dir='ltr'>alas</span> <span class='ocrx_word' id='word_1_220' title='bbox 1714 2393 1731 2424; x_wconf 88' lang='lat'>,</span> <span class='ocrx_word' id='word_1_221' title='bbox 2008 2353 2011 2360; x_wconf 87' lang='lat'>&#39;</span> 
     </span>
     <span class='ocr_line' id='line_1_29' title="bbox 224 2421 2027 2502; baseline 0.002 -18"><span class='ocrx_word' id='word_1_222' title='bbox 224 2421 426 2486; x_wconf 86' lang='lat' dir='ltr'>Infelix</span> <span class='ocrx_word' id='word_1_223' title='bbox 457 2424 641 2486; x_wconf 89' lang='lat' dir='ltr'>crines</span> <span class='ocrx_word' id='word_1_224' title='bbox 669 2425 885 2486; x_wconf 86' lang='lat' dir='ltr'>scindit·</span> <span class='ocrx_word' id='word_1_225' title='bbox 899 2423 1140 2486; x_wconf 80' lang='lat' dir='ltr'>Juturna</span> <span class='ocrx_word' id='word_1_226' title='bbox 1167 2425 1415 2502; x_wconf 78' lang='lat' dir='ltr'>solutos,</span> <span class='ocrx_word' id='word_1_227' title='bbox 1909 2423 2027 2488; x_wconf 74' lang='lat'>870</span> 
     </span>
     <span class='ocr_line' id='line_1_30' title="bbox 225 2498 2057 2585; baseline -0.001 -20"><span class='ocrx_word' id='word_1_228' title='bbox 225 2501 520 2582; x_wconf 86' lang='lat' dir='ltr'>Unguibus</span> <span class='ocrx_word' id='word_1_229' title='bbox 535 2522 647 2566; x_wconf 82' lang='lat' dir='ltr'>ora</span> <span class='ocrx_word' id='word_1_230' title='bbox 675 2523 838 2566; x_wconf 86' lang='lat' dir='ltr'>soror</span> <span class='ocrx_word' id='word_1_231' title='bbox 864 2504 1112 2585; x_wconf 82' lang='lat' dir='ltr'>foedans,</span> <span class='ocrx_word' id='word_1_232' title='bbox 1147 2511 1205 2564; x_wconf 89' lang='lat' dir='ltr'>et</span> <span class='ocrx_word' id='word_1_233' title='bbox 1231 2511 1457 2584; x_wconf 85' lang='lat' dir='ltr'>pectora</span> <span class='ocrx_word' id='word_1_234' title='bbox 1480 2505 1701 2585; x_wconf 83' lang='lat' dir='ltr'>pugnis.</span> <span class='ocrx_word' id='word_1_235' title='bbox 1982 2518 1987 2530; x_wconf 88' lang='lat'><em>·</em></span> <span class='ocrx_word' id='word_1_236' title='bbox 2048 2498 2057 2510; x_wconf 90' lang='grc'><strong><em>’</em></strong></span> 
     </span>
     <span class='ocr_line' id='line_1_31' title="bbox 228 2581 2063 2663; baseline 0.004 -21"><span class='ocrx_word' id='word_1_237' title='bbox 228 2599 262 2642; x_wconf 66' lang='grc' dir='ltr'>ε</span> <span class='ocrx_word' id='word_1_238' title='bbox 284 2581 606 2653; x_wconf 77' lang='lat' dir='ltr'>Quidmmc</span> <span class='ocrx_word' id='word_1_239' title='bbox 631 2590 688 2644; x_wconf 88' lang='lat' dir='ltr'>te</span> <span class='ocrx_word' id='word_1_240' title='bbox 719 2591 833 2660; x_wconf 85' lang='lat' dir='ltr'>tua,</span> <span class='ocrx_word' id='word_1_241' title='bbox 866 2583 1077 2660; x_wconf 76' lang='lat' dir='ltr'>Turne,</span> <span class='ocrx_word' id='word_1_242' title='bbox 1107 2590 1292 2663; x_wconf 84' lang='lat' dir='ltr'>potest</span> <span class='ocrx_word' id='word_1_243' title='bbox 1318 2601 1585 2662; x_wconf 85' lang='lat' dir='ltr'>germana</span> <span class='ocrx_word' id='word_1_244' title='bbox 1604 2585 1847 2663; x_wconf 75' lang='lat' dir='ltr'>juvare?</span> <span class='ocrx_word' id='word_1_245' title='bbox 2031 2642 2063 2663; x_wconf 68' lang='grc'>.,</span> 
     </span>
     <span class='ocr_line' id='line_1_32' title="bbox 225 2660 1963 2743; baseline 0 -19"><span class='ocrx_word' id='word_1_246' title='bbox 225 2661 342 2724; x_wconf 78' lang='lat' dir='ltr'>Aut</span> <span class='ocrx_word' id='word_1_247' title='bbox 365 2660 501 2742; x_wconf 89' lang='lat' dir='ltr'>quid</span> <span class='ocrx_word' id='word_1_248' title='bbox 526 2662 646 2742; x_wconf 85' lang='lat' dir='ltr'>jam</span> <span class='ocrx_word' id='word_1_249' title='bbox 674 2662 844 2723; x_wconf 66' lang='lat' dir='ltr'>durae‘</span> <span class='ocrx_word' id='word_1_250' title='bbox 857 2669 1086 2743; x_wconf 84' lang='lat' dir='ltr'>superat</span> <span class='ocrx_word' id='word_1_251' title='bbox 1112 2661 1255 2722; x_wconf 88' lang='lat' dir='ltr'>mihi</span> <span class='ocrx_word' id='word_1_252' title='bbox 1274 2667 1303 2726; x_wconf 77' lang='lat'><strong>?</strong></span> <span class='ocrx_word' id='word_1_253' title='bbox 1332 2665 1441 2742; x_wconf 77' lang='lat' dir='ltr'>qua</span> <span class='ocrx_word' id='word_1_254' title='bbox 1468 2663 1571 2724; x_wconf 87' lang='lat' dir='ltr'>tibi</span> <span class='ocrx_word' id='word_1_255' title='bbox 1590 2663 1777 2724; x_wconf 83' lang='lat' dir='ltr'>lucem</span> <span class='ocrx_word' id='word_1_256' title='bbox 1838 2690 1843 2699; x_wconf 90' lang='lat'>·</span> <span class='ocrx_word' id='word_1_257' title='bbox 1956 2662 1963 2670; x_wconf 82' lang='lat'><em>&#39;</em></span> 
     </span>
     <span class='ocr_line' id='line_1_33' title="bbox 226 2738 1851 2823; baseline 0.002 -23"><span class='ocrx_word' id='word_1_258' title='bbox 226 2738 364 2802; x_wconf 85' lang='lat' dir='ltr'>Arte</span> <span class='ocrx_word' id='word_1_259' title='bbox 390 2741 620 2804; x_wconf 77' lang='lat' dir='ltr'>morer?</span> <span class='ocrx_word' id='word_1_260' title='bbox 647 2741 835 2802; x_wconf 83' lang='lat' dir='ltr'>talin’⁸</span> <span class='ocrx_word' id='word_1_261' title='bbox 861 2760 1093 2823; x_wconf 89' lang='lat' dir='ltr'>possum</span> <span class='ocrx_word' id='word_1_262' title='bbox 1122 2761 1215 2803; x_wconf 89' lang='lat' dir='ltr'>me</span> <span class='ocrx_word' id='word_1_263' title='bbox 1242 2761 1528 2822; x_wconf 88' lang='lat' dir='ltr'>opponere</span> <span class='ocrx_word' id='word_1_264' title='bbox 1554 2744 1851 2805; x_wconf 77' lang='lat' dir='ltr'>monstro?</span> 
     </span>
    </p>
   </div>
   <div class='ocr_carea' id='block_1_3' title="bbox 233 2835 2028 3015">
    <p class='ocr_par' dir='ltr' id='par_1_10' title="bbox 233 2835 2028 3015">
     <span class='ocr_line' id='line_1_34' title="bbox 286 2835 2028 2954; baseline 0.001 -16"><span class='ocrx_word' id='word_1_265' title='bbox 286 2889 305 2922; x_wconf 88' lang='lat'>¹</span> <span class='ocrx_word' id='word_1_266' title='bbox 336 2851 550 2954; x_wconf 49' lang='lat' dir='ltr'>Geminei</span> <span class='ocrx_word' id='word_1_267' title='bbox 639 2893 752 2939; x_wconf 67' lang='lat' dir='ltr'>stes.</span> <span class='ocrx_word' id='word_1_268' title='bbox 794 2835 886 2938; x_wconf 64' lang='lat' dir='ltr'>Dos</span> <span class='ocrx_word' id='word_1_269' title='bbox 927 2889 1099 2939; x_wconf 74' lang='lat' dir='ltr'>Furias</span> <span class='ocrx_word' id='word_1_270' title='bbox 1215 2890 1237 2925; x_wconf 81' lang='lat'>³</span> <span class='ocrx_word' id='word_1_271' title='bbox 1262 2891 1449 2950; x_wconf 72' lang='lat' dir='ltr'>Cydon.</span> <span class='ocrx_word' id='word_1_272' title='bbox 1490 2888 1695 2940; x_wconf 80' lang='lat' dir='ltr'>Natural</span> <span class='ocrx_word' id='word_1_273' title='bbox 1733 2888 1794 2939; x_wconf 85' lang='lat' dir='ltr'>de</span> <span class='ocrx_word' id='word_1_274' title='bbox 1821 2889 2028 2940; x_wconf 77' lang='lat' dir='ltr'>Cidoma</span> 
     </span>
     <span class='ocr_line' id='line_1_35' title="bbox 233 2947 1855 3015; baseline 0.002 -18"><span class='ocrx_word' id='word_1_275' title='bbox 233 2947 516 3006; x_wconf 71' lang='lat' dir='ltr'>infernales,</span> <span class='ocrx_word' id='word_1_276' title='bbox 545 2949 584 2998; x_wconf 77' lang='lat' dir='ltr'>A</span> <span class='ocrx_word' id='word_1_277' title='bbox 605 2955 712 3000; x_wconf 84' lang='lat' dir='ltr'>ecto</span> <span class='ocrx_word' id='word_1_278' title='bbox 730 2965 762 3015; x_wconf 70' lang='lat' dir='ltr'><strong>y</strong></span> <span class='ocrx_word' id='word_1_279' title='bbox 788 2950 1016 3001; x_wconf 83' lang='lat' dir='ltr'>Tisifone.</span> <span class='ocrx_word' id='word_1_280' title='bbox 1151 2967 1214 3002; x_wconf 87' lang='lat' dir='ltr'>en</span> <span class='ocrx_word' id='word_1_281' title='bbox 1241 2951 1402 3001; x_wconf 80' lang='lat' dir='ltr'>Creta.</span> <span class='ocrx_word' id='word_1_282' title='bbox 1850 2969 1855 2976; x_wconf 96' lang='lat'>·</span> 
     </span>
    </p>
   </div>
   <div class='ocr_carea' id='block_1_4' title="bbox 233 3007 2021 3146">
    <p class='ocr_par' dir='ltr' id='par_1_11' title="bbox 233 3007 2021 3146">
     <span class='ocr_line' id='line_1_36' title="bbox 295 3007 2021 3082; baseline 0.002 -22"><span class='ocrx_word' id='word_1_283' title='bbox 295 3011 318 3044; x_wconf 81' lang='lat'>²</span> <span class='ocrx_word' id='word_1_284' title='bbox 347 3011 634 3082; x_wconf 44' lang='lat' dir='ltr'>utmorem.</span> <span class='ocrx_word' id='word_1_285' title='bbox 672 3011 740 3060; x_wconf 88' lang='lat' dir='ltr'>Lo</span> <span class='ocrx_word' id='word_1_286' title='bbox 781 3013 956 3062; x_wconf 82' lang='lat' dir='ltr'>mismo</span> <span class='ocrx_word' id='word_1_287' title='bbox 1001 3024 1097 3077; x_wconf 83' lang='lat' dir='ltr'>que</span> <span class='ocrx_word' id='word_1_288' title='bbox 1196 3013 1238 3048; x_wconf 58' lang='lat'>4</span> <span class='ocrx_word' id='word_1_289' title='bbox 1276 3013 1473 3064; x_wconf 66' lang='lat' dir='ltr'>Seram.</span> <span class='ocrx_word' id='word_1_290' title='bbox 1509 3011 1749 3064; x_wconf 75' lang='lat' dir='ltr'>Adverbio</span> <span class='ocrx_word' id='word_1_291' title='bbox 1776 3025 1866 3078; x_wconf 80' lang='lat' dir='ltr'>por</span> <span class='ocrx_word' id='word_1_292' title='bbox 1885 3007 2021 3073; x_wconf 65' lang='grc' dir='ltr'>ἐστι),</span> 
     </span>
     <span class='ocr_line' id='line_1_37' title="bbox 233 3072 1431 3146; baseline 0 -24"><span class='ocrx_word' id='word_1_293' title='bbox 233 3074 516 3123; x_wconf 65' lang='lat' dir='ltr'>minem-ent</span> <span class='ocrx_word' id='word_1_294' title='bbox 543 3092 557 3122; x_wconf 86' lang='lat'>.-</span> <span class='ocrx_word' id='word_1_295' title='bbox 584 3072 644 3122; x_wconf 86' lang='lat' dir='ltr'>de</span> <span class='ocrx_word' id='word_1_296' title='bbox 678 3076 795 3146; x_wconf 72' lang='lat' dir='ltr'>aqui</span> <span class='ocrx_word' id='word_1_297' title='bbox 831 3089 883 3123; x_wconf 86' lang='lat' dir='ltr'>se</span> <span class='ocrx_word' id='word_1_298' title='bbox 913 3073 1099 3124; x_wconf 75' lang='lat' dir='ltr'>naman</span> <span class='ocrx_word' id='word_1_299' title='bbox 1152 3075 1184 3124; x_wconf 73' lang='grc' dir='ltr'>ἑ,</span> <span class='ocrx_word' id='word_1_300' title='bbox 1210 3075 1431 3123; x_wconf 82' lang='lat' dir='ltr'>deshora.</span> 
     </span>
    </p>
   </div>
   <div class='ocr_carea' id='block_1_5' title="bbox 234 3121 2065 3258">
    <p class='ocr_par' dir='ltr' id='par_1_12' title="bbox 234 3121 2065 3258">
     <span class='ocr_line' id='line_1_38' title="bbox 234 3121 2043 3205; baseline 0.001 -23"><span class='ocrx_word' id='word_1_301' title='bbox 234 3132 307 3183; x_wconf 77' lang='lat' dir='ltr'>los</span> <span class='ocrx_word' id='word_1_302' title='bbox 331 3132 593 3205; x_wconf 67' lang='lat' dir='ltr'>alguaciles</span> <span class='ocrx_word' id='word_1_303' title='bbox 627 3150 658 3200; x_wconf 71' lang='lat' dir='ltr'><strong>y</strong></span> <span class='ocrx_word' id='word_1_304' title='bbox 691 3135 980 3190; x_wconf 73' lang='lat' dir='ltr'>mmistriles</span> <span class='ocrx_word' id='word_1_305' title='bbox 1013 3149 1105 3202; x_wconf 79' lang='lat' dir='ltr'><em>ap·-</em></span> <span class='ocrx_word' id='word_1_306' title='bbox 1216 3136 1240 3170; x_wconf 67' lang='grc' dir='ltr'>ὓ</span> <span class='ocrx_word' id='word_1_307' title='bbox 1290 3135 1468 3186; x_wconf 79' lang='lat' dir='ltr'>Talin&#39;.</span> <span class='ocrx_word' id='word_1_308' title='bbox 1520 3135 1773 3201; x_wconf 71' lang='lat' dir='ltr'>Apostrofe</span> <span class='ocrx_word' id='word_1_309' title='bbox 1814 3148 1907 3204; x_wconf 78' lang='lat' dir='ltr'>por</span> <span class='ocrx_word' id='word_1_310' title='bbox 1948 3121 2043 3184; x_wconf 69' lang='lat' dir='ltr'>ta-‘</span> 
     </span>
     <span class='ocr_line' id='line_1_39' title="bbox 235 3198 2065 3258; baseline 0.001 -12"><span class='ocrx_word' id='word_1_311' title='bbox 235 3201 498 3258; x_wconf 65' lang='lat' dir='ltr'>pai-atores.</span> <span class='ocrx_word' id='word_1_312' title='bbox 589 3200 597 3207; x_wconf 84' lang='lat'>&#39;</span> <span class='ocrx_word' id='word_1_313' title='bbox 1152 3198 1269 3247; x_wconf 59' lang='lat' dir='ltr'>lin&amp;</span> <span class='ocrx_word' id='word_1_314' title='bbox 1678 3210 1683 3216; x_wconf 83' lang='lat'><strong>·</strong></span> <span class='ocrx_word' id='word_1_315' title='bbox 1834 3205 1837 3215; x_wconf 94' lang='grc'><strong><em>·</em></strong></span> <span class='ocrx_word' id='word_1_316' title='bbox 2006 3211 2013 3218; x_wconf 85' lang='grc'><em>·</em></span> <span class='ocrx_word' id='word_1_317' title='bbox 2060 3204 2065 3214; x_wconf 90' lang='grc'><strong>’</strong></span> 
     </span>
    </p>
   </div>
  </div>
 </body>
</html>
