2334 3625
287 186 426 255 532.
870 200 928 244 P.
972 197 1211 245 naemu
1246 194 1501 241 molus

295 315 634 378 Excisurum
661 312 862 377 urbem
891 313 1179 387 minitans,
1208 318 1266 371 et
1291 309 1543 371 saucius¹
1573 308 1763 391 instat.

292 394 554 473 Quinque
581 393 750 456 orbes
775 392 999 472 explent
1026 410 1216 467 cursu,
1242 389 1587 467 totidemque
1612 394 1869 465 retexunt
1950 442 1955 449 .

294 472 636 551 Huc„illuc;
660 492 732 533 ne
773 490 843 532 ue
871 469 1022 532 enim
1045 470 1193 531 levia
1219 476 1317 530 aut
1342 467 1557 535 ludicra
1582 474 1848 547 petuntur

300 552 568 615 Praemia:
603 552 702 613 sed
775 549 904 611 urni
929 549 1000 613 de
1025 550 1136 609 vita
1163 555 1221 609 et
1244 548 1515 625 sanguine
1542 550 1775 616 certant,
1856 594 1861 601 .
1890 609 1895 617 ,
1970 544 2089 611 765

374 630 544 692 Forte
569 648 727 691 sacer
753 628 944 703 Fauno
974 628 1121 688 foliis
1141 628 1380 689 oleaster
1406 624 1613 701 amaris
1682 666 1711 691 .·
1818 672 1826 681 .

293 709 404 771 Hic
431 717 682 786 steterat,
713 707 896 769 nautis
926 706 1060 768 olim
1085 705 1407 767 venerabile
1433 701 1645 781 lignum
1663 750 1679 781 ,
1785 774 1791 783 .

301 787 515 850 Servati
543 807 610 848 ex
637 787 804 849 undis
827 786 923 847 ubi
955 786 1127 861 figere
1157 785 1302 865 dona
1334 783 1589 845 solebant

285 866 564 929 Laurenti
593 866 743 941 divo,
774 873 829 927 et
852 872 1006 926 votas
1033 883 1129 925 sus
1170 864 1381 925 endere
1400 870 1630 924 vestes-z

293 944 413 1012 Sed
441 946 675 1025 stirpem
705 944 909 1005 Teucri
939 942 1095 1004 nullo
1162 942 1483 1005 iscrimine²
1509 960 1735 1021 sacrum
1786 1002 1791 1013 ,
1975 940 2091 1008 ’ΠΟ

297 1022 672 1098 Sustulerant,
707 1042 850 1103 puro
877 1030 938 1083 ut
963 1028 1192 1101 possent
1221 1038 1563 1083 concurrere
1593 1024 1847 1102 campo³.

299 1102 409 1164 Hic
437 1104 593 1164 hasta
621 1102 813 1166 AEneae
841 1102 1020 1163 stabat
1048 1121 1062 1160 :
1093 1100 1207 1161 huc
1231 1097 1476 1181 impetus
1502 1098 1657 1162 illam

295 1180 581 1245 Detulerat
609 1182 797 1257 fixam,
829 1189 885 1241 et
910 1180 1056 1241 lenta
1083 1180 1139 1240 in
1167 1178 1357 1241 radice
1386 1178 1629 1240 tenebat.
1710 1224 1719 1235 .

297 1260 582 1336 Incubuit,
615 1260 898 1339 voluitque
923 1278 1098 1319 manu
1125 1258 1441 1319 convellere
1468 1258 1685 1319 ferrum
2006 1323 2013 1327 ,

296 1338 674 1416 DardanideS,
706 1338 930 1417 teloque
953 1337 1114 1417 sequi
1143 1355 1313 1416 quem
1348 1337 1626 1417 prendere
1654 1353 1822 1397 cursu
1974 1331 2093 1395 775

300 1418 425 1480 Non
456 1426 692 1498 poterat.
728 1414 869 1477 Tum
897 1418 1030 1478 vero
1054 1434 1249 1477 amens
1276 1415 1577 1475 formidine
1604 1414 1827 1477 Turnus
1856 1432 1870 1473 z

291 1516 334 1558 z
363 1496 582 1576 Faune,
609 1514 832 1577 precor,
875 1496 1166 1570 miserere,
1197 1495 1398 1574 inquit,
1436 1502 1608 1575 tuque
1642 1490 2094 1574 optimaferrum

296 1576 476 1636 Terra
503 1583 652 1653 tene,
677 1576 825 1651 colui
851 1582 1066 1640 vestros
1091 1574 1140 1635 si
1167 1592 1394 1655 semper
1420 1570 1699 1655 honoreS,

287 1653 452 1724 Quos
481 1657 676 1727 contra
700 1655 968 1716 AEneadae
993 1654 1141 1715 bello
1170 1654 1357 1717 fecere
1382 1654 1669 1733 profanos
1704 1672 1734 1712 »

299 1729 474 1808 Dixit,
507 1752 786 1814 opemque
815 1733 906 1795 dei
933 1752 1048 1793 non
1085 1746 1241 1793 ‘eassa
1269 1732 1329 1794 in
1355 1739 1481 1793 vota
1508 1728 1723 1795 vocavit
1749 1751 1764 1793 z
1978 1730 2097 1804 780

299 1809 554 1892 Namque
582 1810 679 1872 diu
709 1811 946 1886 luctam,
976 1813 1239 1892 lentoque
1267 1811 1326 1873 in
1362 1811 1539 1892 stirpe
1569 1819 1851 1888 moratus,
2084 1809 2093 1818 “

298 1889 525 1952 Viribus
551 1889 703 1952 haud
729 1891 860 1952 ullis
887 1890 1054 1962 valuit
1081 1891 1400 1958 discludere
1429 1909 1655 1953 morsus
1746 1929 1769 1968 ¹.

300 1968 544 2032 Roboris
571 1969 806 2035 AEneas.
839 1968 986 2032 Dum
1011 1967 1211 2030 nititur
1236 1987 1391 2046 acer,
1425 1978 1481 2030 et
1508 1969 1679 2030 instat
1691 2016 1716 2046 ,,

293 2047 520 2113 'Rursus
547 2048 612 2110 in
647 2049 857 2140 aurigae
883 2049 1090 2112 faciem
1111 2057 1329 2110 mutata
1356 2046 1568 2110 Metisci
2064 2120 2067 2122 v

294 2125 610 2202 Procurrit‚
645 2129 912 2208 fratrique
939 2145 1133 2195 ensem
1173 2129 1278 2190 dea
1306 2125 1555 2189 Daunia*
1581 2125 1789 2188 reddit.
1977 2121 2097 2186 785

289 2203 463 2276 Quod
487 2205 676 2269 Venus
701 2207 901 2268 audaci
926 2207 1068 2286 Nym
1111 2207 1201 2268 hae
1228 2205 1510 2284 indignata
1536 2201 1709 2268 licere
1908 2203 1915 2210 ’

299 2282 572 2356 Accessit,
604 2286 892 2366 telumque
919 2287 1028 2347 alta
1055 2306 1086 2346 a
1154 2285 1346 2346 radice
1374 2283 1649 2346 revellit⁸.

295 2361 412 2426 Olli
438 2363 732 2442 sublimeS,
764 2365 937 2426 armis
962 2364 1281 2445 animisque
1310 2363 1507 2425 resecti
1526 2409 1541 2440 ‚

301 2441 409 2504 Hic
433 2441 617 2520 gladio
648 2444 852 2523 fidenS,
884 2443 977 2504 hic
1003 2462 1134 2504 acer
1156 2453 1213 2504 et
1241 2442 1455 2504 arduus
1474 2443 1659 2518 hasta,

301 2519 579 2588 Assistunt
603 2525 820 2600 eontra,
849 2521 1155 2586 certamine
1184 2522 1373 2584 Martis
1401 2519 1609 2584 anheli.
1984 2515 2101 2579 '190

379 2597 660 2662 Junonem
687 2600 898 2663 interea
924 2621 1024 2663 rex
1052 2599 1456 2682 omnipotentis
1485 2597 1733 2679 Olympi.

287 2893 292 2900 Ι
369 2837 388 2875 ¹
405 2834 638 2888 Saucius.
657 2835 767 2885 Esto
781 2851 834 2885 es
847 2837 984 2886 sefial
1001 2837 1060 2886 de
1081 2852 1175 2900 que
1292 2835 1313 2870 ⁸
1341 2835 1481 2885 Puro
1510 2846 1699 2892 campo·
1732 2833 1802 2882 En
1838 2845 2010 2898 campo
2036 2831 2100 2881 li-

305 2895 352 2945 la
370 2911 485 2946 cura
517 2896 780 2957 milagrosa
805 2894 866 2947 de
885 2914 939 2946 su
966 2898 1094 2958 uaga
1113 2913 1175 2946 no
1230 2897 1335 2960 bre,
1364 2897 1439 2958 sin
1467 2895 1673 2947 estorbo.

301 2955 384 3006 fue
410 2959 626 3022 perfecta
645 2973 656 3006 :
680 2974 792 3008 cosa
815 2974 874 3008 no
893 2975 1008 3024 muy
1023 2961 1179 3008 hono·
1290 2957 1311 2991 ὃ
1330 2959 1433 3006 Dea
1458 2955 1678 3008 Daunia.
1699 2955 1900 3006 Juturna
1916 2953 2018 3018 hija
2036 2954 2100 3006 de

297 3017 438 3075 -rffica
465 3033 582 3082 para
605 3019 776 3080 venus,
807 3036 900 3083 que
919 3021 1032 3069 vino
1053 3022 1177 3070 asa-
1224 3015 1405 3079 Dauno,
1436 3033 1573 3068 como
1598 3017 1777 3068 Turno.

301 3092 386 3131 car
407 3080 442 3128 A
467 3095 521 3128 su
547 3079 650 3142 bijo
670 3081 730 3130 de
761 3081 905 3144 aquel
932 3081 960 3130 a
995 3097 1100 3130 uro.
1291 3079 1313 3114 ⁸
1350 3079 1515 3130 Telum
1538 3077 1743 3129 revellit.
1776 3075 1938 3140 PalaS,
1967 3090 2030 3126 en
2050 3075 2100 3126 el

367 3140 390 3172 ¹
424 3141 569 3190 Nullo
611 3142 912 3192 discrimine.
985 3143 1033 3192 in
1074 3157 1177 3192 res-
1224 3139 1309 3190 lib.
1339 3154 1421 3190 xxi
1448 3139 1508 3188 de
1534 3140 1583 3189 la
1609 3137 1801 3196 Iliada,
1830 3139 1997 3202 presta
2022 3151 2104 3188 so-

295 3204 418 3263 ,peto
442 3199 636 3271 alguqo.
1226 3202 1440 3264 mejante
1463 3197 1668 3266 servicio
1697 3199 1726 3248 a
1753 3197 1969 3262 Aquiles.
