2334 3625
826 248 1029 295 mmm.
1082 248 1254 295 Lmen
1298 247 1402 291 xn.
1888 232 2006 291 519

212 362 440 445 Perque
463 364 653 426 hostes
671 413 686 441 ‚
724 384 827 445 per
852 366 963 428 tela
988 365 1132 444 ruit,
1165 373 1530 445 maestamque
1560 382 1818 427 sororem

214 441 473 521 Deserit,
506 462 571 504 ac
602 444 801 524 rapido
831 463 1003 507 cursu
1030 445 1218 507 media
1246 445 1469 523 agmina
1494 442 1729 523 rumpit.

212 521 304 583 Ac
330 522 500 583 veluti
514 567 542 599 ,-
560 523 766 585 montis
792 544 988 585 saxum
1018 524 1089 585 de
1121 524 1326 587 vertice
1395 541 1606 601 raeceps

213 600 407 673 Quum
434 600 549 663 ruit
572 602 829 665 avulsum
854 612 1041 681 vento,
1068 622 1172 666 seu
1196 603 1346 665 turhi
1387 622 1454 663 us
1473 602 1658 662 imber
1893 601 2010 663 680

192 678 455 755 Proluit,
488 690 582 742 aut
608 684 767 746 annis
795 683 959 745 solvit
982 682 1246 765 sublapsa
1271 690 1536 759 vetustas,

212 758 425 821 Fertur
451 760 512 821 in
538 760 676 826 ab'ru
719 770 837 823 tum
864 781 1069 840 magno
1094 782 1260 824 mons
1287 762 1584 854 improbus
1603 764 1622 799 ¹
1650 766 1852 836 aotu‚,··
1927 793 1933 806 ·

214 837 581 918 Exsultatque
610 860 673 903 so
698 862 729 903 o
744 890 760 918 ‚
790 843 957 904 silvas
972 888 987 918 ,
1024 850 1278 905 armenta
1293 888 1312 917 ‚
1347 860 1609 921 virosque
1948 844 1980 864 '⁶

213 916 510 981 Involvens
524 937 731 981 secum
762 921 993 999 disjecta
1017 940 1121 1001 per
1148 920 1370 997 agmina
1397 920 1620 981 Turnus

218 994 320 1059 Sic
347 997 504 1061 urbis
532 998 645 1060 ruit
672 1000 742 1063 ad
770 1018 987 1077 muroS,
1022 1000 1120 1061 ubi
1147 998 1388 1080 plurima
1418 1000 1542 1059 fuso
1895 996 2012 1073 690

193 1073 497 1153 Sanguine
524 1083 673 1138 terra
700 1080 912 1156 madet,
943 1078 1298 1157 striduntque
1324 1078 1622 1139 hastilibus
1649 1096 1822 1141 aurae.
1851 1128 1856 1139 .

214 1153 279 1217 Si
360 1154 619 1237 'ficatque
646 1176 819 1221 manu
836 1206 853 1235 ‚
885 1166 941 1220 et
967 1176 1167 1235 magno
1195 1157 1363 1217 simul
1391 1157 1588 1237 incipit
1616 1175 1752 1218 ore:

220 1254 254 1295 α
332 1234 507 1307 arcite
528 1237 674 1315 jam,
706 1236 927 1315 Rutuli,
958 1247 1014 1299 et
1043 1238 1175 1317 vosf,
1209 1237 1314 1298 tela
1345 1236 1626 1313 inhibete,
1659 1234 1890 1297 Latini:

216 1312 600 1395 Quaecumque
627 1324 713 1377 est
739 1317 983 1395 fortuna,
1012 1335 1139 1377 mea
1169 1322 1287 1391 est3
1321 1333 1413 1377 me
1439 1316 1625 1378 verius
1644 1325 1666 1358 ²
1692 1329 1870 1379 unum
1977 1360 1984 1377 ³

216 1390 334 1477 Pro
359 1394 519 1455 vobis
548 1394 731 1457 soedus
754 1396 914 1459 luere
932 1444 948 1473 ,
978 1403 1037 1457 et
1056 1396 1366 1459 decernere
1395 1395 1566 1455 ferro.
1603 1415 1633 1456 J>
1891 1394 2008 1457 695

211 1471 545 1537 Discessere
574 1492 771 1537 omnes
796 1475 1005 1553 medii,
1034 1474 1390 1555 spatiumque
1419 1474 1648 1537 dedere.

298 1552 371 1612 At
395 1560 558 1643 pater
577 1553 785 1615 AEneas
800 1602 816 1632 ‚
848 1555 1039 1616 audito
1066 1554 1298 1617 nomine
1328 1553 1537 1631 Tumi,

219 1628 442 1696 Deserit
468 1639 527 1692 et
546 1650 768 1710 murm,
798 1640 857 1695 et
880 1652 1135 1695 summas
1160 1631 1376 1694 deserit
1401 1650 1592 1707 arces;

216 1707 647 1801 Praecipitatque
674 1731 863 1779 moras
892 1731 1116 1789 omnes;
1149 1730 1322 1793 opera
1357 1711 1544 1773 omnia
1567 1709 1813 1792 rumpit,

168 1829 183 1846 .
224 1785 446 1851 Laetiua
472 1791 756 1854 exsultans
777 1839 794 1870 ‚
826 1791 1177 1856 horrendum
1217 1810 1289 1855 ue
1311 1790 1529 1856 intonat
1557 1791 1767 1856 armis:
1904 1790 2016 1854 700

216 1865 470 1940 Quantus
497 1871 725 1949 Athos²³,
773 1880 867 1934 aut
894 1879 1135 1960 quantus
1214 1873 1336 1951 rix,
1370 1880 1466 1936 aut
1489 1873 1634 1953 ipse,
1667 1871 1919 1935 coruscis

218 1944 405 2016 Quum
433 1950 621 2014 fremit
647 1951 894 2030 ilicibus,
924 1962 1164 2032 quantus
1177 2000 1196 2029 ‚
1219 1953 1534 2030 gaudetque
1560 1951 1726 2012 nivali

219 2023 443 2090 Vertice
468 2048 530 2090 se
559 2031 819 2092 attollens
845 2038 1007 2110 pater
1031 2031 1362 2111 Apenninus
1391 2031 1464 2089 ad
1486 2044 1671 2090 auras.
1771 2050 1778 2060 ·

219 2101 345 2166 Jam
372 2109 507 2168 vero
536 2115 592 2168 et
619 2106 811 2171 Rutuli
844 2110 1126 2188 certatim,
1154 2117 1216 2172 et
1244 2109 1418 2170 Troes
1435 2155 1450 2185 ‚
1483 2115 1540 2168 et
1566 2125 1762 2170 omnes
1957 2149 1962 2156 ·

223 2182 565 2248 Convertere
589 2187 781 2248 oculos
807 2187 963 2263 Itali,
994 2189 1205 2268 quique
1231 2187 1343 2248 alta
1368 2187 1635 2254 tenebant
1901 2185 2015 2250 705

220 2264 447 2343 Moenia,
478 2266 687 2345 quique
714 2266 893 2331 imos*
920 2268 1220 2348 pulsabant
1243 2266 1420 2328 ariete
1445 2282 1675 2342 muros3
1898 2297 1904 2304 ·
1976 2280 1984 2295 “

220 2344 507 2423 Armaque
528 2345 845 2425 deposuere
871 2345 1125 2411 humeris
1152 2367 1167 2408 ε
1197 2352 1388 2426 stupet
1413 2344 1536 2424 ipse
1560 2343 1790 2411 Latinus
1810 2392 1827 2423 ‚

222 2423 482 2501 Ingentes
497 2471 512 2501 ‚
544 2425 761 2501 genitos
786 2426 1023 2489 diversis
1053 2425 1305 2506 partibus
1333 2423 1486 2484 orbis
1505 2471 1522 2500 ,

224 2500 378 2564 Inter
404 2520 469 2564 se
500 2502 704 2566 coiisse
728 2504 911 2584 viroS‚
942 2513 999 2567 et
1025 2523 1260 2567 cernere
1291 2505 1464 2565 ferro,

300 2582 489 2663 Atque
514 2582 629 2661 illi,
658 2591 721 2644 ut
746 2599 922 2646 vacuo
950 2591 1253 2666 patuerunt
1277 2601 1506 2663 aequore
1533 2580 1752 2661 campi⁸
1861 2603 1866 2608 ·
1901 2580 2016 2642 710

336 2765 481 2818 Mons
506 2767 780 2836 improbus.
834 2767 890 2818 El
925 2769 1095 2819 desco—
1144 2769 1220 2820 Er
1257 2785 1306 2826 x,
1331 2769 1390 2820 de
1416 2767 1581 2816 Sicilia
1597 2782 1612 2829 3
1633 2767 1928 2829 Apenninus
1949 2765 2014 2821 de

223 2828 389 2884 munel
410 2831 637 2894 peiiasco.
666 2833 727 2880 Es
755 2833 1094 2895 comparaciou
1144 2832 1216 2880 Ita
1236 2833 1302 2892 ia,
1325 2831 1354 2878 A
1377 2883 1382 2888 ,
1414 2830 1530 2878 uien
1547 2829 1696 2881 llam».
1709 2827 1880 2938 zadi-e,
1905 2841 2016 2890 por-

224 2889 286 2942 de
312 2891 518 2942 Homero
537 2908 566 2955 y
592 2891 810 2942 celebro.
1146 2907 1240 2956 que
1269 2893 1329 2942 de
1357 2891 1383 2940 ό
1430 2905 1583 2940 nacen
1609 2905 1720 2939 mue
1755 2904 1810 2940 os
1837 2902 1972 2944 ηομ·

212 2981 221 2988 ·
287 2954 309 2988 ²
348 2953 533 3004 Verius.
568 2955 675 3008 Mas
689 2956 820 3016 justo
847 2970 900 3004 es
916 2970 1009 3020 que
1065 2969 1092 3003 o
1209 2954 1232 2991 ὅ
1261 2954 1450 3016 Quique
1471 2952 1615 3002 imos.
1642 2951 1786 3002 Y=los
1801 2965 1895 3014 que
1924 2965 2014 3000 con

225 3015 419 3081 cumpla
444 3015 491 3066 el
521 3022 663 3079 pacto
690 3015 770 3064 del
792 3016 994 3088 desasto.
1010 2969 1093 3068 ἔο-
1144 3017 1402 3088 tnequinas
1440 3015 1610 3064 batian-
1642 3013 1692 3064 la
1725 3019 1866 3077 parte
1889 3013 2016 3064 inse-

230 3089 342 3126 rum
386 3095 448 3130 en
494 3078 623 3128 buen
650 3077 769 3127 latin
797 3080 1022 3140 >significa
1047 3078 1095 3127 lo
1148 3091 1248 3128 rior
1275 3076 1435 3130 delos
1461 3090 1644 3127 muros.

230 3137 401 3192 mismo
416 3157 512 3206 que
532 3155 756 3206 oequum.
782 3139 1090 3204 antistatum,
1212 3140 1234 3174 ⁸
1300 3138 1462 3190 Vacuo
1543 3139 1778 3188 aluerunt
1817 3150 2014 3201 oequom

228 3205 538 3256 auti-ectum.
1142 3201 1367 3264 οωηῳί...
1400 3200 1501 3260 Que
1535 3213 1650 3250 aron
1683 3197 2012 3260 desocupadu

214 3305 224 3312 .
294 3259 316 3294 ⁸
360 3265 530 3318 Athos.
585 3266 743 3319 Monte
793 3264 855 3316 de
892 3264 1062 3318 Grecia
1074 3278 1091 3327 ;
1144 3263 1364 3329 aquellas
1380 3262 1653 3330 espaciosas
1676 3259 1906 3313 itanum·
