2334 3625
320 142 439 205 526
894 158 951 203 P.
996 160 1238 207 vmcim
1275 160 1532 209 monis

320 282 445 345 Jam
462 284 585 365 jam
609 282 800 362 linquo
828 282 999 345 acies.
1030 280 1114 343 Ne
1140 298 1234 342 me
1273 287 1478 343 terrete
1497 281 1822 362 timentem,
2009 286 2156 348 875

272 432 279 441 ,
320 362 595 427 Obscenae
612 366 630 399 ¹
659 362 914 423 volucres
946 380 962 421 :
991 360 1210 421 alarum
1236 360 1471 422 verbera
1494 378 1670 423 ‚nosco
1683 409 1702 439 ‚

318 439 722 532 Lethalemque
746 459 951 502 sonum
974 460 990 515 3
1018 458 1124 501 nec
1149 440 1350 501 fallunt
1368 440 1530 531 jussa
1551 441 1798 522 superba

317 519 662 601 Magnaniml
687 519 862 582 Jovis.
894 519 1029 581 Haec
1057 538 1161 600 pro
1189 519 1502 597 virginitate
1529 538 1591 581 re
1635 520 1776 581 oniti
1877 570 1884 575 .

319 599 443 672 Quo
475 600 639 661 vitam
668 600 824 662 dedit
848 600 1157 661 aeternam‘l
1187 617 1288 661 cur
1315 600 1513 661 mortis
1540 618 1572 660 a
1613 607 1912 679 empta·est

318 678 617 743 Conditio‘?
638 679 873 741 Possem
896 686 1077 741 tantos
1102 678 1274 740 finire
1295 678 1522 740 dolores
2005 680 2148 743 880

316 758 477 821 Nunc
505 762 659 822 certe
679 806 695 837 ‚
724 767 783 823 et
802 757 1013 820 misero
1049 757 1210 821 fratri
1237 776 1430 820 comes
1461 759 1546 819 ire
1573 776 1675 838 per
1700 758 1959 820 umbras.

314 838 659 903 Immortalis
685 840 817 916 ego!
851 846 945 900 aut
971 838 1280 918 quidquam
1309 837 1452 899 mihi
1478 837 1642 899 dulce
1669 854 1934 899 meorum

316 918 397 981 Te
426 919 570 997 sine,
598 921 795 997 frater,
825 918 972 980 erit?
1008 917 1054 980 Ο
1080 936 1207 997 quae
1228 920 1362 980 satis
1394 918 1502 980 alta
1529 916 1785 979 dehiscat

316 998 493 1061 Terra
519 998 700 1076 mihi,
732 998 1035 1077 Manesque
1062 997 1226 1059 deam
1255 997 1511 1059 demittat
1537 996 1610 1057 ad
1637 997 1816 1059 imos!
1843 1016 1874 1058 »

317 1076 561 1140 Tantum
590 1078 779 1154 affata,
812 1083 980 1158 caput
1005 1077 1206 1155 glauco
1234 1077 1480 1138 contexit
1505 1076 1713 1137 amictu
2009 1078 2140 1140 885

316 1155 489 1219 Multa
515 1176 776 1237 gemens,
809 1166 955 1219 etse
981 1156 1155 1217 fluvio
1185 1157 1290 1218 dea
1329 1155 1582 1217 condidit
1606 1156 1740 1216 alto.

396 1237 601 1299 AEneas
626 1236 797 1299 instat
824 1239 1019 1299 contra
1036 1283 1052 1314 ,
1084 1235 1376 1317 telumque
1403 1242 1662 1298 coruscat

315 1315 550 1395 IngenS‚
584 1316 909 1393 arboreum,
940 1324 997 1377 et
1022 1332 1170 1376 saevo
1199 1314 1283 1376 sic
1309 1323 1536 1398 pectore
1565 1314 1712 1375 fatur
1738 1335 1755 1376 ι

319 1412 350 1447 α
362 1396 494 1464 Quae
510 1412 657 1451 nunc
676 1394 867 1451 deinde
886 1410 1034 1451 mora
1056 1396 1166 1451 est?
1191 1398 1288 1451 aut
1302 1394 1440 1466 quid
1459 1394 1594 1477 jam,
1607 1396 1808 1477 Turne,
1833 1399 2136 1454 retractas?

316 1464 442 1526 Non
470 1485 641 1529 cursu
659 1513 675 1544 ,
716 1464 849 1527 saevi
876 1465 1206 1528 certandum
1235 1472 1324 1527 est
1352 1465 1612 1526 commus
1639 1482 1836 1527 armis.
2005 1467 2136 1531 890

314 1542 483 1606 Verte
511 1564 709 1607 omnes
736 1553 847 1607 tete
873 1543 935 1605 in
957 1544 1158 1622 sacieS‚
1191 1552 1250 1605 et
1277 1545 1543 1607 contrahe
1572 1544 1846 1623 quidquid

314 1620 447 1685 Sive
475 1623 730 1702 animis²,
762 1623 880 1685 sive
907 1632 1027 1686 arte
1056 1624 1246 1700 vales;
1277 1631 1411 1703 opta
1439 1623 1614 1685 ardua
1643 1624 1844 1703 pennis

314 1700 476 1761 Astra
505 1703 709 1783 sequi,
738 1703 1059 1765 clausumve
1088 1706 1222 1765 cava
1248 1710 1304 1763 te
1331 1703 1578 1765 condere
1608 1706 1782 1764 terra.
1805 1722 1836 1763 1»

314 1778 445 1858 Ille,
472 1799 535 1842 ca
576 1788 638 1842 ut
665 1800 936 1861 quassans
969 1802 983 1842 t
1016 1802 1046 1843 <c
1077 1781 1206 1844 Non·
1227 1800 1320 1846 me
1346 1788 1440 1844 tua
1467 1779 1682 1844 fervida
1711 1789 1928 1862 terrent

316 1857 495 1938 Dicta,
526 1800 718 1938 geron
751 1861 810 1923 di
836 1879 928 1921 me
962 1867 1204 1938 terrent,
1238 1869 1294 1922 et
1317 1861 1579 1951 Juppiter
1602 1861 1804 1924 hostis.
1839 1882 1871 1922 ν
2000 1863 2126 1926 895

314 1937 434 2000 Nec
463 1940 629 2020 plura
656 1941 876 2019 effatus,
906 1957 1103 2000 saxum
1132 1939 1516 2020 circumsplcit
1543 1958 1779 2018 mgenS‚

320 2016 530 2083 Saxum
557 2020 851 2100 antiquum
867 2069 884 2098 ‚
915 2018 1141 2098 ingenS,
1175 2037 1374 2110 campo
1403 2019 1558 2100 quod
1584 2018 1728 2081 forte
1751 2019 1974 2100 jacebat

314 2095 513 2160 Limes
530 2117 667 2176 agro
696 2100 911 2179 positus
927 2101 969 2177 ⁸,
997 2099 1153 2160 litem
1181 2105 1243 2160 ut
1267 2098 1613 2160 discerneret
1637 2101 1792 2161 arvis
1823 2119 1841 2162 ε

313 2173 418 2236 Vix
444 2176 583 2238 illud
610 2177 739 2238 lecti
771 2177 857 2240 bis
882 2197 981 2240 sex
1010 2177 1230 2238 cervice
1254 2177 1540 2255 subirent,
1731 2231 1736 2237 .

315 2253 513 2326 Qualia
541 2256 1013 2319 nunchominum
1042 2256 1304 2337 producit
1331 2276 1570 2338 corpora
1593 2257 1758 2319 tellus
1780 2277 1799 2335 ;
2003 2258 2126 2323 900

313 2331 417 2394 Ille
443 2353 613 2396 manu
639 2343 863 2416 raptum
891 2336 1109 2417 trepida
1135 2336 1439 2416 torquebat
1460 2337 1520 2397 in
1547 2338 1799 2412 hostem,

316 2410 501 2475 Altior
528 2413 824 2492 insurgens
843 2461 859 2491 ‚
892 2422 948 2476 et
978 2435 1147 2477 cursu
1177 2415 1428 2486 concitus
1455 2416 1646 2479 heros.

317 2489 431 2553 Sed
455 2510 640 2574 neque
669 2501 992 2556 currentem
1022 2513 1116 2571 se,
1146 2513 1254 2555 nec
1281 2495 1570 2572 cognoscit
1595 2503 1857 2574 euntem,

316 2569 701 2635 Tollentemve
726 2592 897 2634 manu
917 2621 931 2650 ,
966 2591 1281 2653 saxumque
1309 2573 1572 2643 immane,
1590 2582 1908 2637 moventem
1930 2594 1949 2654 3

317 2648 510 2712 Genua
537 2652 755 2731 labant,
786 2651 1003 2730 gelidus
1034 2652 1318 2717 concrevit
1343 2653 1553 2731 frigore
1579 2654 1838 2732 sanguis,
1951 2687 1958 2694 ·
2001 2655 2122 2719 905

382 2815 405 2890 ¹.
434 2813 675 2866 Obscenae.
716 2816 979 2879 InfaustaS,
1004 2816 1065 2865 de
1095 2818 1195 2866 mal
1249 2816 1360 2879 deJ'a
1372 2817 1446 2865 sin
1460 2831 1546 2890 uso
1559 2815 1609 2866 la
1621 2814 1873 2882 espadade
1885 2816 2108 2889 Vulcano,

318 2889 642 3030 agfejgkmis·
673 2939 765 2988 Por
794 2939 868 3014 las
893 2940 1097 2989 fuerzas.
1247 2878 2114 3012 ggesssiil³152m2enfgkfaffivgggiffuriglng

346 3057 356 3067 ι
423 2998 592 3055 Lzmes
609 3013 741 3065 aare.
752 3007 965 3066 pomus.
984 3001 1196 3051 Traduc-
1249 3001 1364 3052 donc
1398 3002 1459 3052 de
1499 3001 1571 3050 las
1603 3003 1789 3052 fuerzas
1813 3001 2114 3074 prodigiosas

316 3066 426 3105 mon
452 3059 511 3106 de
530 3059 758 3124 Homero,
772 3059 962 3116 Iliada,
982 3061 1072 3124 lib,
1086 3075 1188 3120 xxx.
1247 3061 1400 3114 de-los
1427 3061 1598 3114 hdroes
1617 3064 1861 3125 antiguos,
1879 3063 2046 3113 decia:

317 3119 437 3168 Pero
463 3119 663 3188 Yirgilio
685 3122 805 3172 hace
824 3137 969 3182 coget
986 3125 1017 3171 A
1035 3125 1191 3172 Turno
1244 3142 1374 3189 Tem
1404 3141 1537 3186 „2105
1561 3141 1760 3190 homines,
1779 3151 1891 3186 ,mne
1917 3141 2075 3194 edunt,

318 3193 417 3228 una
444 3177 617 3242 ptedra
642 3195 733 3228 con
753 3197 847 3245 que
874 3197 935 3232 no
965 3183 1133 3247 podia,
1158 3199 1192 3247 y
1257 3203 1265 3214 ¹
1753 3193 2071 3250 atquepnsmos.
