2334 3625
742 206 1044 253 aeonem.
1087 208 1261 254 mm
1298 209 1347 253 1:
1858 198 1935 260 65
1992 164 2006 175 ,

225 324 403 385 Libra
431 321 523 384 die
550 323 844 402 somnique
873 342 1036 404 pares
1062 324 1162 385 ubi
1190 323 1385 385 fecerit
1412 324 1579 386 horas
1598 372 1615 403 ,

145 404 219 465 Et
245 403 502 463 medium
528 402 642 463 luci
670 409 834 481 atque
861 403 1082 464 umbris
1105 404 1228 482 jam
1252 403 1450 465 dividit
1476 405 1673 467 orbem
1693 452 1710 484 ,

145 482 452 558 Exercete,
479 480 615 557 viri,
649 487 866 560 taurOS,
899 482 1068 543 serite
1096 483 1311 544 hordea
1340 483 1587 563 campiS‚
1820 484 1938 555 210

147 562 343 641 Usque
369 561 474 621 sub
505 571 819 621 extremum
844 561 1063 622 brumae
1081 565 1099 600 ¹
1128 561 1496 623 intractabilis
1522 562 1786 625 imbrem.

146 639 268 701 Nec
293 659 410 701 non
437 647 493 700 et
519 639 620 699 lini
648 646 894 716 segetem
913 686 930 717 ‚
961 648 1017 701 et
1043 639 1313 702 Cereale²
1338 659 1579 731 papaver

148 719 400 799 Tempus
428 720 602 778 humo
632 726 851 797 tegere,
883 726 940 779 et
959 720 1297 799 jamdudum
1335 721 1663 782 mcumbere
1701 720 1935 799 aratriS,
2024 738 2028 747 ·

147 792 298 859 Dum
327 797 476 857 sicca
504 796 702 857 tellure
730 796 860 859 licet
879 844 896 875 ,
927 798 1060 859 dum
1085 798 1278 860 nubila
1309 800 1575 878 pendent.

225 876 376 938 Vere
403 876 546 937 fabis
569 876 739 953 sati03
770 883 890 937 tum
919 884 974 939 te
1003 896 1259 958 quoque,
1292 878 1539 956 medica,
1573 885 1763 959 putres
1822 876 1939 940 215

147 956 287 1017 Acci
329 956 456 1015 iunt
481 954 654 1031 sulci,
687 962 743 1015 et
767 956 926 1017 milio
953 957 1105 1017 venit
1133 976 1321 1027 annu-a
1352 977 1484 1019 cura
1500 1007 1515 1035 ‚

151 1034 271 1097 Can
316 1034 440 1094 'dus
467 1034 674 1095 auratis
703 1036 884 1114 aperit
909 1054 1084 1114 quum
1114 1036 1377 1097 cornibus
1406 1056 1615 1098 annum

151 1114 430 1189 Taurus-³,
463 1121 518 1173 et
545 1113 778 1174 adverso
807 1114 1015 1175 cedens
1044 1114 1209 1175 Canis
1229 1124 1249 1159 δ
1278 1116 1481 1175 occidit
1508 1119 1739 1177 astro⁸.·
1794 1132 1799 1141 ·

231 1192 305 1252 At
329 1192 378 1253 si
407 1192 683 1253 triticeam
709 1191 1050 1254 in-messem
1077 1193 1419 1272 robustaque
1452 1194 1601 1254 sarra
1807 1245 1814 1252 .

149 1271 461 1332 Exercebis
488 1272 758 1349 humum,
789 1270 1036 1351 solisque
1062 1271 1295 1337 instabis
1324 1272 1509 1333 aristis
1529 1320 1545 1350 ‚
1746 1350 1753 1355 Ι
1826 1270 1945 1353 220

151 1350 302 1421 Ante
328 1350 424 1409 tibi
452 1350 584 1410 Eoae
610 1349 956 1425 Atlanstides‘*
985 1352 1423 1412 abscondantur.
1748 1370 1753 1379 ·
1938 1359 1945 1371 '

153 1427 478 1507 Gnosiaque
505 1428 754 1489 ardentis
779 1429 1013 1490 decedat
1040 1431 1235 1493 stella⁷
1264 1430 1535 1508 Coronae,

149 1507 351 1568 Debita
381 1510 548 1586 quam
575 1506 744 1569 sulcis
773 1508 1090 1569 committas
1118 1510 1368 1586 semina,
1398 1513 1680 1589 quomque

151 1586 346 1647 Invitae
373 1602 644 1666 properes
673 1588 804 1647 anni
831 1606 993 1667 spem
1023 1588 1256 1649 credere
1286 1596 1499 1649 terrae..
1634 1644 1639 1649 .
1797 1666 1799 1669 y

148 1664 312 1725 Multi
340 1673 468 1726 ante
498 1682 760 1743 occasum
792 1666 950 1727 Maiae
969 1668 990 1703 ⁸
1021 1669 1245 1747 coepere
1277 1688 1293 1727 ι
1326 1666 1428 1728 sed
1454 1668 1611 1729 illos.
1638 1690 1643 1697 ·
1828 1663 1945 1729 225

149 1743 484 1836 Exspectata
512 1762 670 1823 seges
695 1742 852 1805 vanis
885 1746 1051 1814 elusit
1079 1746 1285 1809 aristis,
1494 1770 1523 1810 f
1646 1768 1651 1775 ·
1685 1762 1689 1773 ’
1804 1786 1813 1795 -

230 1823 294 1886 S1
321 1827 456 1884 vero
483 1824 798 1905 viciamque
823 1843 979 1886 seres
1007 1825 1289 1905 vilemque
1314 1828 1553 1889 faselum
1572 1874 1588 1904 ‚

146 1901 267 1964 Nec
335 1903 630 1964 elusiacae⁹
659 1923 852 1965 curam
881 1923 940 1964 as
983 1905 1257 1966 ernabere
1286 1907 1504 1983 lentiS,·
1692 1971 1699 1978 ,

147 1922 332 2043 HautiJ
345 1980 584 2042 obscura
615 1983 819 2043 cadens
847 1983 926 2042 mi
973 1991 1028 2044 et
1054 1985 1155 2044 tibi
1176 1979 1344 2063 'signa
1372 1986 1607 2047 Bootes:
1636 1987 1643 1994 ’

145 2060 270 2122 Inci
315 2079 346 2122 e
364 2107 379 2136 ,
415 2069 469 2122 et
497 2061 570 2121 ad
597 2062 811 2122 medias
839 2071 1150 2124 sementem
1181 2065 1421 2132 extende
1449 2065 1705 2145 pruinas.
1828 2064 1947 2129 230

230 2139 259 2201 I
302 2139 456 2200 circo
487 2141 653 2201 certis
686 2141 1008 2222 dimensum
1035 2143 1286 2222 partibus
1317 2145 1515 2226 orbem

213 2435 233 2468 ¹
267 2433 506 2482 Libram.
541 2448 698 2498 usque
733 2434 824 2482 sub
861 2439 1024 2484 emire-
1139 2434 1160 2468 ⁶
1195 2437 1313 2484 Eooe
1342 2405 1639 2487 Atlantedes.
1664 2436 1752 2496 Las
1780 2435 1865 2486 Ple
1899 2450 1953 2484 a-

147 2509 287 2543 mum
301 2494 1025 2560 brummouieredecirzdesde-
1079 2495 1164 2544 das
1182 2533 1197 2558 ‚
1228 2509 1379 2558 segun
1400 2499 1561 2558 fingen
1578 2497 1652 2546 los
1675 2504 1862 2562 poetaS,
1913 2498 1953 2544 i-

148 2556 197 2604 el
223 2557 514 2628 equinoccio
537 2556 615 2605 del
641 2555 788 2620 'otono
817 2555 1024 2605 hasta·el
1070 2559 1152 2618 jas‘
1186 2558 1246 2606 de
1286 2558 1506 2621 Atlante,
1548 2573 1641 2622 que
1675 2573 1825 2608 naeen
1863 2572 1953 2606 con

144 2617 364 2666 solsticio
393 2616 476 2666 del
509 2618 747 2666 invierno.
1076 2617 1233 2685 elqsol
1277 2635 1365 2683 por
1388 2620 1439 2670 la
1474 2627 1611 2686 parte
1654 2619 1865 2670 orlental
1892 2619 1951 2666 de

207 2680 230 2712 ²
266 2679 482 2728 Cereale.
529 2679 832 2740 Consagrada
862 2681 892 2728 6,
936 2679 1034 2730 ῦό-’
1076 2687 1271 2729 nuestro
1301 2681 1565 2732 horizonte.

145 2755 239 2789 res.
1140 2741 1161 2776 ⁷
1198 2742 1387 2792 Gnosia
1414 2745 1568 2793 stella.
1598 2745 1663 2792 La
1689 2756 1871 2790 corona
1889 2739 1961 2789 de*

207 2803 232 2836 ³
281 2803 498 2851 Taurus.
555 2801 610 2850 El
653 2803 795 2863 signo
838 2805 1025 2866 Tauro,
1077 2803 1324 2866 Ariadna',
1366 2796 1468 2867 hija
1494 2804 1574 2856 del
1614 2805 1723 2852 Dios
1765 2805 1919 2852 Minos
1934 2840 1951 2864 ‚

145 2863 307 2911 donde
340 2869 480 2910 entra
507 2861 554 2911 el
581 2864 652 2911 sol
669 2865 698 2911 a
715 2867 774 2910 22
799 2865 858 2914 de
878 2865 1020 2915 abril.
1078 2877 1162 2926 rey
1179 2865 1241 2912 >de
1261 2865 1420 2928 Creta,
1435 2865 1743 2914 transladada
1760 2865 1806 2914 al
1826 2863 1962 2914 cielo'

205 2923 230 2957 ⁸
265 2924 438 2973 Canis.
480 2925 548 2973 La
583 2925 912 2976 constelacion
947 2927 1028 2976 del
1084 2939 1173 2988 por
1197 2926 1337 2975 BacO.
1398 2935 1404 2943 '
1783 2939 1787 2952 ‘

143 2985 244 3033 Can
269 2985 471 3037 celeste.
1027 2995 1032 3004 '
1147 2987 1171 3021 ⁸
1215 2987 1379 3036 Maiae.
1427 2987 1531 3037 Una
1572 2987 1631 3036 de
1666 2987 1737 3036 las
1782 2986 1953 3036 Pleva-

205 3047 230 3082 ⁸
277 3047 464 3096 Cedens
494 3050 702 3098 adverso
736 3052 895 3098 astro.
937 3050 1028 3098 Ha·
1081 3049 1185 3097 das,

143 3108 322 3158 ciendo
345 3107 487 3168 lugat
515 3109 562 3157 al
591 3114 715 3158 astro
745 3109 877 3159 dela
901 3125 1024 3161 nave
1141 3110 1162 3144 ⁹
1215 3109 1511 3160 Pelusiacoe.
1578 3110 1643 3160 De
1736 3125 1819 3164 ue,
1857 3110 1954 3173 hay

143 3169 336 3230 Argos,
373 3185 472 3233 que
507 3169 558 3219 la
606 3171 741 3234 sig-ue
786 3171 1024 3221 inmedia-
1075 3171 1258 3232 grande
1298 3169 1597 3222 abundancia
1634 3186 1695 3221 en
1766 3171 1947 3232 etusio,

145 3235 326 3280 mente.
1075 3232 1249 3282 ciudad
1273 3233 1333 3281 de
1360 3233 1550 3296 Egipto.
