2334 3625
818 220 1030 266 AEms,
1061 220 1234 264 Lmen
1259 222 1360 266 111.
1871 204 1994 268 523

187 335 533 416 Alloquitur,
568 335 715 397 fulva
739 354 951 416 pugnas
980 336 1050 397 de
1081 336 1234 397 nube
1263 344 1511 397 tuentem
1537 356 1551 395 ε

186 436 223 477 α
254 413 395 487 Quae
417 416 539 495 jam
570 416 701 477 finis
727 416 853 493 erit,
886 416 1130 494 conjux?
1159 415 1295 496 quid
1323 415 1566 493 denique
1593 416 1809 476 restat?

184 494 500 572 indigetem
516 497 536 532 ²
565 495 779 556 AEnean
806 494 917 556 scis
945 494 1091 575 ipsa,
1118 503 1178 556 et
1205 494 1352 555 scire
1381 495 1574 555 fateris

186 572 405 636 Deberi
428 574 591 648 coelo,
625 574 865 653 fatisque
894 574 965 635 ad
992 574 1180 637 sidera
1208 573 1358 649 tolli3
1821 644 1826 651 ,
1881 574 1994 635 795

186 651 338 725 Quid
365 652 535 714 struis
554 652 584 712 ‘?
615 660 710 714 aut
734 656 843 744 qua
868 673 970 745 spe
995 654 1196 732 gelidis
1223 652 1282 713 in
1309 653 1557 715 nubibus
1583 653 1804 714 haeres‘?

186 731 468 794 Mortalin’
498 732 688 793 decuit
716 733 911 793 violari
939 734 1176 795 vulnere
1200 733 1392 794 divum
1410 734 1462 793 ‘?'
1769 782 1776 791 .

186 811 303 872 Aut
326 828 521 872 ensem
553 812 578 891 (
632 812 729 873 uid
759 811 912 873 enim
944 813 1065 873 sine
1094 821 1149 874 te
1177 812 1414 874 Juturna
1443 810 1738 890 valeret‘?)

186 889 467 981 Ereptum
494 831 656 950 reddi
687 890 899 967 Turn0‚
930 900 987 952 et
1014 892 1127 952 vim
1159 909 1420 954 cressere
1446 891 1650 953 victis?

190 967 404 1030 Desine
424 969 545 1048 jam
575 969 823 1046 tandem,
859 969 1237 1050 precibusque
1262 970 1550 1031 inflectere
1578 969 1818 1047 nostris;
1877 968 1994 1031 800

190 1051 317 1110 Nec
345 1055 399 1109 te
426 1056 615 1109 tantus
641 1048 767 1109 edat
797 1050 1021 1109 tacitam
1043 1050 1230 1128 dolor,
1264 1056 1319 1109 et
1341 1050 1482 1109 mihi
1511 1070 1662 1111 curae
1973 1061 1982 1076 “

191 1125 357 1207 Saepe
389 1136 481 1189 tuo
511 1128 661 1189 dulci
694 1128 877 1189 tristes
910 1147 979 1189 ex
1001 1148 1099 1189 ore
1122 1136 1434 1190 recursent.

188 1204 436 1269 Ventum
467 1206 537 1267 ad
565 1223 898 1299 supremum
927 1214 1031 1269 est.
1066 1208 1258 1269 Terris
1287 1206 1495 1283 agitare
1523 1208 1610 1269 vel
1639 1207 1808 1268 undis
1909 1215 1918 1230 ⁴

192 1284 467 1365 Troianos
498 1286 749 1366 potulsti,
776 1286 1077 1348 infandum
1108 1287 1420 1349 accendere
1446 1287 1658 1348 bellum
1681 1332 1696 1363 ‚

190 1363 523 1428 Deformane
548 1365 802 1442 domum,
820 1373 891 1427 .et
915 1366 1328 1427 lucmmiscere
1357 1364 1708 1444 hymenaeos:
1785 1412 1792 1422 .
1875 1364 1992 1425 805

193 1442 442 1507 Ulterius
470 1452 687 1507 tentare
714 1454 861 1507 veto.
898 1464 929 1504 ))
963 1444 1059 1507 Sic
1080 1444 1340 1537 Juppiter
1367 1463 1565 1521 orsus3
1973 1451 1980 1462 “

194 1520 290 1583 Sic
320 1524 424 1585 dea
453 1523 733 1587 submisso
764 1526 959 1585 contra
990 1522 1252 1586 Saturnia
1278 1524 1472 1585 vultu:

193 1600 369 1663 «Ista
398 1602 641 1683 'quidem
670 1601 803 1683 quia
830 1610 953 1665 vota
986 1602 1129 1664 mihi
1156 1611 1274 1681 tua,
1307 1618 1531 1680 magne,
1567 1603 1860 1679 voluntaS,

193 1678 474 1763 Juppiter,
510 1689 566 1743 et
594 1682 849 1742 Turnum
878 1690 937 1743 et
955 1689 1135 1744 terras
1162 1682 1334 1745 invita
1363 1682 1589 1763 reliqui.
1901 1728 1906 1735 .

194 1758 313 1822 Nec
340 1768 400 1822 tu
431 1780 523 1823 me
556 1761 709 1824 aeria
734 1762 912 1824 solam
934 1781 1089 1825 nunc
1116 1763 1254 1826 sede
1281 1760 1502 1832 videres
1871 1760 1989 1824 840

195 1838 401 1917 Digna,
428 1841 657 1918 indigna
680 1843 830 1922 ‘pati3
864 1842 965 1903 sed
990 1841 1237 1905 flammis
1263 1835 1448 1904 cincta
1471 1843 1576 1904 suh
1603 1842 1786 1924 ipsam

199 1916 419 1980 Starem
451 1920 653 2000 aciem,
690 1921 1087 2001 traheremque
1119 1921 1348 1984 inimica
1369 1921 1432 1982 in
1459 1923 1654 2000 praelia
1679 1920 1966 1982 Teucros?

194 1995 489 2062 hturnam
518 2001 727 2066 misero
744 2049 759 2077 ,
785 2003 984 2077 fateor,
1013 2019 1348 2062 succurrere
1375 1999 1534 2059 fratri
1635 2051 1638 2058 .

196 2073 387 2154 Suavi,
416 2084 473 2138 et
538 2098 602 2139 ro
629 2077 739 2138 vita
762 2081 983 2155 majora
1008 2079 1218 2140 audere
1246 2076 1512 2159 probavi3
1621 2105 1626 2112 ·

198 2153 325 2216 Non
349 2162 412 2216 ut
435 2163 489 2216 te
512 2175 544 2216 a
575 2163 815 2233 tamem,
845 2175 961 2216 non
988 2164 1050 2217 ut
1070 2158 1438 2218 contenderet
1461 2175 1684 2217 arcum:
1739 2205 1746 2214 .

196 2234 411 2313 Adjuro
439 2235 602 2313 stygii
630 2243 798 2316 caput
823 2235 1180 2314 implacabile
1209 2236 1377 2297 fontis
1394 2283 1414 2310 ,

196 2311 320 2375 Una
349 2314 673 2393 superstitio
696 2319 718 2354 ³
745 2333 812 2374 su
854 2313 967 2374 eris
992 2334 1117 2395 quae
1140 2315 1360 2376 reddita
1390 2312 1552 2374 divis,
1921 2371 1926 2378 .

199 2389 271 2454 Et
296 2411 453 2456 nunc
483 2393 623 2453 cedo
652 2392 783 2474 equi
826 2411 941 2470 em,
978 2411 1304 2474 pugnasque
1333 2411 1500 2454 exosa
1525 2391 1804 2470 relinqu-2.
1875 2407 1882 2417 ·

976 2505 1000 2534 N

1635 2561 1666 2599 1!

262 2619 280 2653 ¹
345 2619 639 2683 Indigetem.
702 2622 807 2671 Los-
848 2621 1073 2671 idolatras
1179 2579 1212 2658 Ξ
1259 2625 1363 2672 Una
1399 2621 1707 2687 superstitio.
1747 2621 1876 2685 Guyo
1909 2582 1997 2670 uta-fi

198 2679 439 2731 namnban
466 2684 706 2748 indigetes
742 2685 771 2733 6,
804 2683 877 2733 los
902 2683 1073 2732 heroes
1126 2699 1242 2734 men
1267 2699 1320 2734 es
1339 2688 1474 2732 santo
1493 2698 1525 2746 y
1548 2683 1753 2744 sagi-ado
1771 2683 1891 2746 para
1921 2679 1994 2731 los

198 2755 295 2804 quo
332 2757 450 2792 eran
488 2746 817 2796 transladados
844 2746 891 2794 al
916 2745 1040 2795 cielo
1055 2782 1073 2808 ,
1125 2746 1292 2795 Dioses
1317 2744 1397 2795 del
1437 2745 1579 2808 cielo,
1617 2757 1756 2793 como
1789 2744 1900 2793 dice
1938 2757 1998 2792 en
2076 2795 2086 2806 ‚

200 2816 352 2866 quum
376 2803 431 2854 in
460 2810 603 2856 terra
641 2808 699 2858 de
734 2815 889 2858 erent.
921 2808 1073 2857 Eneas
1126 2813 1232 2856 otta
1281 2813 1416 2870 parte
1446 2821 1458 2854 ε
1489 2806 1593 2864 Dii,
1637 2807 1778 2866 cujus
1816 2808 1998 2867 juram

202 2878 285 2914 ora.
326 2868 563 2916 venerado
602 2884 671 2919 en
729 2869 847 2918 talia
889 2883 977 2917 con
1026 2868 1075 2918 el
1127 2869 1331 2930 timent,
1385 2873 1432 2917 et
1479 2867 1646 2929 fallere
1673 2881 1890 2916 'flumem
1931 2866 2000 2914 La

204 2927 402 2976 nombre
430 2927 489 2978 de
516 2931 711 2991 Jupiter
739 2930 989 2993 indiyena.
1127 2943 1271 2978 causa
1295 2930 1354 2978 de
1391 2935 1493 2978 este
1532 2943 1606 2978 res
1643 2934 1722 2977 eto
1749 2933 1834 2976 tun
1884 2927 2002 2976 reli·

264 2987 757 3042 ’Nosuttelatamen
772 2993 1073 3056 Aquiparece
1126 2993 1263 3052 gioso
1293 3004 1375 3040 era
1431 3005 1578 3054 orquo
1606 3003 1678 3038 >os
1711 2989 1877 3038 Dioses
1902 3001 1998 3053 quo

202 3061 298 3158 que
325 3049 388 3099 da
412 3052 441 3100 A
474 3053 707 3102 entender
733 3053 779 3102 el
804 3059 951 3117 poeta
980 3067 1074 3117 que
1126 3053 1394 3116 quebranta
1429 3066 1489 3100 an
1513 3051 1561 3101 el
1593 3053 1874 3113 juramento
1911 3061 2000 3114 pot

230 3113 398 3162 uturna
424 3113 505 3164 fue
524 3113 571 3164 la
596 3129 690 3187 que
719 3115 910 3178 dispare
926 3129 1077 3177 aque·
1126 3114 1176 3164 la
1197 3114 1376 3174 laguna
1395 3114 1605 3174 Estigia.
1627 3111 1885 3176 quedaban
1909 3123 2000 3175 por

204 3168 268 3220 lla
294 3179 429 3223 saeta
447 3175 509 3227 de
536 3191 684 3242 quien
717 3177 845 3238 dice,
866 3192 915 3226 v.
946 3179 1072 3224 820:
1128 3176 1304 3224 mucho
1342 3177 1525 3248 tiempo
1575 3174 1820 3223 excluidos
1864 3173 1924 3222 de
1952 3171 1999 3242 lq

264 3241 471 3290 Incertum
490 3247 571 3304 qua
595 3248 712 3303 pulsa
743 3257 884 3291 manu.
1127 3251 1266 3286 meso.
1291 3236 1353 3286 do
1382 3235 1586 3300 Jupiter.
1917 3257 1922 3269 =
1995 3259 2000 3268 ·
