2334 3625
420 173 539 236 ⁴04
992 188 1050 232 P.
1100 182 1340 232 vmemn
1378 183 1642 233 umoms

418 309 541 383 Qua
564 313 739 370 tentet
766 306 983 368 ratione
1010 305 1222 381 adituS,
1255 313 1312 368 et
1337 322 1463 385 quae
1487 304 1576 366 via
1599 304 1816 364 clausos
1917 305 1924 310 '
1972 303 1978 310 ‘

414 385 676 450 Excutiat
701 386 949 460 Teucros
975 386 1119 446 vallo
1134 433 1149 463 ‚
1183 393 1352 464 atque
1377 383 1625 446 effundat
1643 381 1704 442 in
1729 398 1780 443 ω
1819 399 1925 443 uor
1943 391 1985 444 ¹.
2077 386 2084 393 '

416 467 669 530 Classem
684 513 699 544 ,
732 483 859 546 quae
883 465 1045 526 lateri
1072 472 1385 526 castrorum
1414 463 1670 543 adjuncta
1700 462 1810 522 late
1851 468 1931 538 at,
2095 494 2100 503 ·

415 545 729 624 Aggeribus
756 551 989 625 saeptam
1016 544 1232 604 circum
1260 550 1317 605 et
1343 542 1658 605 fluvialibus
1679 540 1852 602 undis
1871 588 1886 618 ‚
2137 542 2202 606 70

418 623 638 685 Invadit
652 637 685 702 ,·
700 624 1001 714 sociosque
1024 621 1286 684 incendia
1311 621 1529 704 poscit¹
1552 627 1778 702 ovantes
1792 669 1807 697 ,

415 703 597 782 Atque
626 721 855 764 manum
885 719 1021 782 pinu
1048 701 1300 779 flagranti
1327 700 1576 762 fervidus
1598 700 1678 761 im
1719 701 1814 761 let.
1873 777 1878 782 ἱ

416 779 561 843 Tum
593 785 727 843 vero
748 781 1109 858 incumbunt3
1140 788 1304 858 urget
1328 780 1629 862 praesentia
1703 780 1832 840 urni
1845 827 1860 858 ,

414 859 598 954 Atque
626 861 809 922 omnis
838 860 1053 922 facibus
1080 861 1260 940 pubes
1284 859 1596 938 accingitur
1621 859 1790 937 atris;

414 939 537 1002 Diri
576 943 713 1002 uere
738 941 895 1002 focos
926 961 942 1000 ε
976 939 1200 1020 piceum
1228 941 1336 1001 fert
1359 938 1574 1000 fumida
1601 940 1794 1000 lumen
2135 942 2198 1002 75

416 961 585 1083 Taetss
599 1069 614 1098 ,
646 1029 701 1082 et
729 1019 1086 1082 commixtam
1113 1019 1398 1082 Vulcanus
1423 1019 1496 1080 ad
1523 1026 1672 1079 astra
1681 1017 1963 1109 favillam.

498 1099 634 1173 Quis
661 1101 801 1161 deus
815 1148 830 1176 ,
862 1103 896 1160 o
924 1099 1097 1160 Musae
1114 1147 1129 1176 ,
1160 1105 1276 1160 tam
1303 1117 1446 1160 saeva
1471 1097 1733 1160 incendia
1765 1097 1998 1159 Teucris

417 1179 671 1242 Avertit?
695 1186 877 1240 tantos
904 1179 1121 1240 ratibus
1148 1178 1275 1258 quis
1308 1177 1526 1258 depulit
1549 1176 1750 1254 ignes?
1955 1255 1960 1258 ὓ

416 1259 596 1322 Dicite
629 1279 642 1318 :
678 1258 864 1339 prisca
894 1259 1035 1319 fides
1063 1259 1209 1318 sacto
1227 1305 1242 1335 ‚
1275 1258 1375 1320 sed
1401 1258 1548 1318 fama
1573 1256 1860 1336 perennis.

498 1338 777 1419 Tempore
804 1357 917 1417 quo
946 1338 1194 1418 primum
1225 1336 1458 1417 phrygia
1483 1336 1760 1398 formabat
1785 1336 1844 1396 in
1871 1335 1972 1396 Ida
2128 1336 2198 1399 80

416 1417 623 1480 AEneas
652 1417 889 1479 classem
906 1465 921 1494 ‚
949 1422 1008 1478 et
1036 1417 1217 1507 pelagi
1283 1423 1434 1478 etere
1457 1416 1565 1478 alta
1595 1414 1854 1495 parabat,

416 1495 443 1558 I
484 1515 546 1558 sa
579 1496 747 1558 deum
779 1497 957 1557 fertur
980 1497 1220 1574 genitrix
1294 1494 1614 1576 erecynthia
1643 1513 1910 1572 magnum

468 1575 662 1635 ocibus
690 1576 779 1636 his
807 1576 967 1636 affata
992 1575 1188 1637 Jovem
1221 1597 1234 1636 ε
1272 1597 1302 1636 <t
1331 1576 1414 1638 Da
1433 1622 1448 1653 ,
1479 1582 1637 1651 nate,
1709 1574 1881 1636 etenti

416 1652 581 1723 Quod
596 1651 701 1714 ‘tua
733 1672 860 1715 cara
892 1673 1093 1746 parens
1121 1655 1334 1716 domito
1363 1663 1418 1716 te
1445 1653 1626 1734 poscit
1649 1593 1908 1734 Slympo.

413 1729 588 1792 Pinea
613 1731 751 1792 silva
780 1733 920 1793 miln
940 1781 955 1809 ,
990 1735 1196 1794 multos
1225 1734 1427 1796 dilecta
1454 1753 1558 1814 per
1583 1751 1761 1794 annos
2021 1777 2028 1783 -
2129 1731 2199 1797 85

414 1809 603 1872 Lucus
632 1810 690 1871 in
720 1830 849 1872 arce
884 1813 993 1872 suit·
1012 1816 1292 1891 summass,
1325 1816 1436 1893 quo
1461 1829 1619 1875 sacra
1648 1814 1764 1875 sere
1809 1822 1934 1890 ant,

316 1914 321 1919 ·
412 1890 666 1968 Nigranti
692 1890 849 1971 picea
876 1891 1241 1983 trabibusque
1270 1892 1544 1954 obscurus
1571 1892 1808 1954 acernis.

412 1968 531 2031 Has
558 1989 661 2048 ego
692 1970 967 2031 dardanio
987 1971 1211 2050 juvem,
1243 1988 1418 2051 quum
1447 1972 1643 2033 classis
1671 1978 1890 2051 egeret,

412 2048 567 2112 Laeta
592 2050 753 2128 dedi3
784 2068 937 2111 nunc
964 2050 1260 2112 sollicitam
1286 2049 1458 2111 timor
1483 2051 1680 2113 anxius
1707 2052 1880 2129 angit.
2292 2122 2293 2133 χ

413 2129 583 2192 Solve
610 2137 816 2206 metm,
840 2137 1007 2209 atque
1033 2129 1143 2191 hoc
1166 2130 1430 2211 precibus
1457 2129 1580 2191 sine
1607 2150 1774 2211 posse
1803 2137 2098 2212 parentem
2121 2128 2192 2191 90

409 2207 499 2269 Ne
526 2228 697 2271 cursu
724 2216 998 2290 quassatae
1021 2210 1167 2285 ullo,
1199 2229 1312 2271 neu
1338 2210 1564 2271 turbine
1591 2211 1740 2271 venti

416 2286 727 2350 Vincantur
764 2308 778 2349 :
812 2289 990 2370 prosit
1018 2288 1227 2350 nostris
1254 2290 1313 2350 in
1341 2288 1626 2351 montibus
1653 2298 1822 2351 ortas.
1851 2308 1883 2351 »

390 2364 591 2427 'Filius
618 2367 753 2429 huic
780 2366 969 2429 'contra
988 2414 1003 2445 ‚
1036 2376 1260 2449 torquet
1285 2369 1382 2448 qui
1403 2368 1590 2430 sidera
1617 2368 1814 2429 mundi
1845 2386 1858 2432 :

419 2465 449 2505 <c
480 2442 527 2507 Ο
556 2444 823 2523 genitrix,
856 2450 971 2526 quo
998 2447 1107 2509 fata
1133 2448 1343 2509 vocas?
1371 2456 1466 2509 aut
1487 2446 1624 2528 quid
1653 2448 1796 2529 petis
1819 2448 1988 2510 istis?

414 2523 706 2585 Mortaline
734 2542 905 2584 manu
931 2524 1090 2586 sactae
1119 2527 1438 2606 immortale
1466 2527 1667 2588 carinae
2131 2525 2201 2588 95

276 2664 299 2672 „
414 2603 525 2665 Fas
552 2602 841 2664 habeant-⁶?
870 2611 1172 2683 certusque
1197 2606 1408 2666 incerta
1440 2606 1723 2686 pericula*
1749 2606 1950 2669 lustret

402 2682 657 2743 -AEneas‘?
686 2680 792 2743 Cui
816 2688 964 2743 tanta
992 2683 1099 2743 deo
1127 2684 1400 2763 permissa
1427 2685 1713 2767 potestas?

477 2956 497 2990 ²
527 2955 771 3017 Effundat
795 2961 851 3007 in
882 2972 1068 3021 aequor.
1117 2959 1284 3009 Sacar-
1337 2960 1519 3025 hosque
1538 2974 1601 3009 en
1622 2960 1672 3009 la
1683 2960 1884 3010 cumbi-e
1915 2962 1998 3011 del
2025 2964 2204 3010 monte.

412 3014 484 3061 les
508 3017 539 3063 6.
566 3029 739 3089 campo
758 3033 881 3069 raso.
1398 3022 1420 3056 δ
1449 3022 1716 3084 Genusque
1735 3021 1932 3073 incerta
1953 3020 2205 3089 pericula.

470 3076 505 3113 ἃ
521 3075 715 3125 Pascat.
744 3080 951 3129 Exhorta
969 3082 1096 3130 esus
1121 3082 1284 3131 solda·
1334 3084 1505 3144 Eneas,
1532 3082 1908 3134 siendo-mor-tal
1922 3119 1939 3146 ‚
1968 3098 2034 3134 no
2065 3080 2210 3150 podia

414 3132 547 3181 dosa
563 3148 661 3197 quo
672 3140 885 3206 prendan
910 3141 1077 3205 faego.
1333 3150 1470 3194 tener
1496 3143 1752 3205 seguridad
1783 3158 1847 3195 en
1881 3150 2049 3196 tantos
2071 3160 2105 3211 γ
2131 3150 2212 3194 un

476 3192 499 3227 ⁸
521 3193 683 3245 Lucus
706 3212 764 3246 m
796 3207 914 3250 arce
950 3206 1162 3255 amma.
1210 3204 1282 3253 Un
1334 3207 1494 3255 varios
1519 3206 1752 3269 peligros.
