2334 3625
762 156 1066 204 osone-mal.
1112 157 1286 202 mmm
1325 157 1410 203 m.
1465 168 1471 177 ¹
1866 142 1982 207 105
2009 176 2040 188 ··

190 275 313 337 Hoc
340 273 551 336 faciunt
572 273 749 336 nimio
774 277 847 335 'ne
872 273 1008 335 luxu
1034 273 1290 335 obtusior
1318 291 1458 335 usus
1857 274 1994 338 135
2037 306 2043 313 ¹

190 354 276 417 Sit
300 353 527 434 genitali
554 373 687 416 arvo
703 401 719 431 ‚
750 361 807 416 et
833 352 1019 414 sulcos
1048 352 1284 416 oblimet
1307 353 1518 415 inertes

190 431 303 496 Sed
329 433 513 514 rapiat
534 432 728 494 sitiens
755 429 1040 502 Venerem
1054 478 1070 508 ‚
1099 430 1450 512 interiusque
1475 431 1767 494 recondat.

268 510 486 575 Rursus
511 531 647 573 cura
676 518 897 592 patrum
922 509 1155 588 cadere,
1186 517 1244 574 et
1268 511 1572 574 succedere
1599 517 1852 575 matrum

86 655 93 673 ‚
186 591 410 673 Incipit.
441 590 669 652 Exactis
694 590 937 667 gravidae
958 608 1133 670 quum
1160 590 1454 652 mensibus
1477 595 1701 667 errant,

186 669 312 731 Non
336 671 461 732 illas
489 668 749 747 gravibus
776 669 1073 750 quisquam
1095 669 1236 749 juga
1263 670 1472 732 ducere
1499 670 1762 751 plaustris
1775 719 1792 750 ,
1866 671 1998 733 140·
2039 689 2051 732 t

185 748 313 810 Non
336 749 482 811 saltu
507 767 781 829 superare
806 749 953 810 viam
980 749 1055 810 sit
1080 767 1278 830 passus
1294 795 1310 826 ,
1343 755 1398 810 et
1431 749 1548 810 acri

188 828 432 919 Carpere
457 836 616 919 prata
640 828 768 904 suga
784 873 801 904 ‚
830 828 1141 908 fluviosque
1166 829 1366 889 innare
1391 846 1648 910 rapaces,

187 905 431 968 Saltibus
456 927 515 968 in
548 905 735 968 vacuis
763 914 1019 986 pascant,
1051 913 1109 968 et
1173 908 1299 968 lena
1325 907 1639 970 secundum
1678 949 1686 954 -

185 985 445 1048 Flumina
462 1033 479 1063 ,
510 1001 739 1047 muscus
762 985 861 1046 ubi
876 1033 891 1062 ,
922 991 979 1046 et
1004 985 1109 1046 viri
1148 985 1342 1066 issima
1368 987 1620 1064 gramine
1647 990 1802 1072 ripa,

186 1064 597 1147 Speluncaeque
624 1070 844 1141 tegant,
876 1069 933 1124 et
956 1082 1127 1124 saxea
1153 1064 1428 1143 procubet
1451 1066 1676 1130 umbra.
1863 1068 1977 1130 145

265 1143 366 1204 Est
390 1145 549 1204 lucos
580 1141 777 1204 Silari¹
807 1141 957 1202 circa
978 1141 1316 1221 ilicibusque
1349 1143 1620 1206 virentem
1905 1167 1912 1177 ¹

84 1247 91 1254 ’
182 1221 471 1283 Plurimus
496 1220 850 1283 Alburnum⁸
874 1219 1109 1288 volitan's
1124 1269 1140 1299 ,
1173 1221 1265 1282 cui
1291 1227 1500 1282 nomen
1526 1223 1664 1286 asilo

182 1301 503 1363 Romanum
531 1306 647 1376 est,
678 1310 897 1365 oestron
923 1299 1073 1362 Graii
1100 1303 1320 1362 vertere
1344 1309 1641 1381 vocanteS,

181 1381 261 1441 As
300 1397 392 1471 er²
420 1378 657 1442 acerba⁸
692 1394 929 1455 sonansg
961 1397 1074 1460 quo
1104 1387 1213 1442 tota
1241 1379 1684 1444 exterrita-silv&

180 1457 251 1519 Di
296 1466 491 1536 ugiunt
516 1466 796 1533 armenta3
826 1458 963 1520 furit
994 1459 1300 1537 mugitibus
1326 1460 1505 1522 aether
1861 1460 1977 1524 150
2019 1474 2042 1484 ··

184 1538 500 1600 Concussus
519 1585 536 1614 ,
564 1537 833 1618 silvaeque
848 1585 865 1615 ,
896 1545 952 1600 et
966 1537 1115 1614 ,sicci
1140 1538 1266 1618 ripa
1297 1537 1586 1616 Tanagri&

182 1615 305 1678 Hoc
332 1617 619 1708 quondam
645 1624 899 1678 monstro
916 1616 1226 1679 horribiles
1252 1617 1503 1679 exercuit
1528 1619 1641 1682 iras

182 1695 457 1757 Inachiae⁸
483 1695 628 1757 June
654 1704 875 1775 pestem
900 1694 1163 1758 meditata
1183 1697 1462 1776 juvencae.

182 1773 348 1837 Hunc
372 1775 598 1855 quoque
626 1773 793 1855 (nam
820 1774 1024 1837 mediis
1047 1775 1366 1838 fervoribus
1392 1777 1578 1840 acrior
1602 1777 1810 1860 instat)

181 1853 418 1917 Arcehis
443 1853 671 1932 gravido
703 1856 923 1935 pecori,
953 1863 1318 1936 armentaque
1380 1876 1540 1918 asces
1856 1858 1974 1921 155
1993 1888 2000 1893 ·
2017 1872 2036 1899 ·'

182 1932 314 1996 Sole
340 1934 540 1995 recens
561 1942 737 2011 orto‚‚
754 1942 850 1997 aut
866 1942 1095 1997 noctem
1120 1935 1348 1997 ducenti
1389 1955 1454 1997 us
1481 1935 1684 1998 asti-ie..
1933 1944 1938 1955 “

261 2011 397 2073 Post
420 2019 673 2093 partum,
701 2033 835 2076 cura
858 2014 919 2075 in
948 2014 1146 2075 vitulos
1173 2014 1486 2077 traducitur
1509 2015 1734 2094 ίοιῐιιιὶεςς

182 2090 571 2171 continueque
597 2101 757 2155 notas
785 2099 841 2155 et
866 2094 1094 2155 nomina
1124 2094 1308 2173 gentis
1335 2094 1606 2172 inurunt,

180 2169 252 2231 Et
274 2188 417 2251 quos
438 2178 535 2231 aut
561 2172 753 2252 pecori
780 2173 975 2235 malint
993 2173 1330 2235 submittere
1361 2174 1622 2235 habendo
1639 2221 1656 2250 ,
1932 2220 1940 2237 .

180 2249 294 2310 Aut
324 2249 437 2311 aris
464 2268 690 2313 servare
716 2270 935 2329 sacrm,
970 2259 1066 2314 aut
1090 2251 1351 2315 scindere
1381 2260 1622 2326 terram,
1769 2284 1800 2311 ..-
1827 2288 1832 2293 ·
1859 2249 1977 2315 160
1999 2257 2024 2293 ·‘

180 2328 255 2389 Et
280 2348 541 2409 campum
570 2330 896 2393 horrentem
924 2331 1115 2393 fractis
1140 2332 1426 2392 invertere
1449 2329 1630 2405 glebis
1661 2348 1676 2388 ε
1939 2359 1944 2369 ·
2037 2350 2046 2361 ·

183 2406 395 2469 Caetera
423 2416 729 2488 pascuntur
754 2410 963 2471 virides
990 2417 1246 2473 armenta
1275 2427 1377 2489 per
1403 2408 1634 2469 herbasv

180 2484 271 2547 Tu
294 2504 434 2567 quos
460 2486 531 2549 ad
556 2488 807 2549 studium
834 2496 1001 2569 atque
1026 2508 1194 2549 usum
1223 2486 1492 2549 formabis
1521 2494 1798 2567 agrestem
1813 2539 1830 2569 ,

181 2564 309 2626 Jam
336 2565 537 2627 vitulos
564 2568 825 2644 hortare,
857 2566 1118 2647 viamque
1144 2565 1340 2631 insiste
1369 2567 1669 2647 domandi,
1775 2608 1807 2625 ·.
2018 2624 2026 2636 ,

184 2645 327 2706 Dum
352 2644 547 2707 faciles
569 2645 742 2707 animi
762 2647 1035 2725 juvenum
1052 2694 1069 2724 ‚
1100 2647 1239 2709 dum
1265 2646 1490 2710 mobilis
1517 2654 1672 2716 aetas.
1857 2648 1972 2709 165·

187 2725 262 2786 Ac
293 2724 541 2806 primum
566 2725 721 2788 laxos
751 2725 904 2789 tenui
930 2726 1002 2810 tie
1028 2726 1239 2789 vimine
1255 2728 1471 2790 circlos
1804 2750 1810 2757 ·
1888 2760 1892 2767 ·
2009 2730 2016 2740 '

244 2939 263 2973 ¹
298 2937 482 2989 Silari.
514 2938 601 2988 Rio
629 2938 689 2987 de
714 2938 870 2988 Italiab
983 2940 985 2944 '
1162 2938 1186 2972 ὅ
1219 2938 1456 3003 Tantum-i.
1479 2936 1598 2987 ,Este
1639 2936 1708 2996 rto
1736 2950 1856 2987 nace
1876 2938 1975 3002 *del

244 3000 267 3035 ⁸
297 3000 599 3051 Alburnum.
624 3002 780 3051 Monte
801 3001 973 3051 recino
999 3000 1050 3051 al
1100 3006 1264 3050 monte
1289 3000 1518 3050 Alburno„-
1767 3016 1772 3028 ·
1931 3020 1942 3037 ε

180 3062 253 3110 rio
278 3062 451 3112 Silero.
764 3064 771 3069 ‘
982 3079 992 3094 ¹
1163 3063 1186 3103 ἃ
1219 3060 1464 3111 Inachia.
1507 3058 1577 3123 10,
1615 3057 1717 3120 hija.
1768 3060 1849 3111 del
1888 3072 1974 3127 roy

244 3121 267 3157 ⁸
292 3123 506 3175 Acer-ba.
534 3122 773 3173 Adverbio
798 3136 888 3189 por
906 3134 1049 3175 ωεν-
1100 3124 1262 3181 lnaco,
1279 3124 1308 3171 Α
1355 3118 1836 3175 nientrasnforxnoen
1855 3134 1979 3172 vaco

183 3182 265 3244 δὲ,
298 3184 730 3237 horren-damente.
902 3188 907 3193 “
1104 3184 1310 3233 labiosa
1361 3196 1470 3231 uno.
1883 3210 1908 3249 ,ἐς
1927 3202 1938 3215 ‹
