2334 3625
751 211 1052 259 Gnonch.
1099 214 1271 259 Lmen
1314 216 1376 259 11.
1840 167 1853 193 Χ
1880 201 1959 267 85

164 326 304 393 Fert
327 328 572 391 ebenum
589 375 606 404 ‚
638 328 774 390 solis
798 336 885 391 est
914 330 1112 391 thurea
1137 330 1291 409 virga
1322 330 1558 411 Sabaeis,

165 406 317 481 Quid
343 407 446 468 tibi
475 408 707 469 odorato
732 408 976 470 referam
1007 409 1264 471 sudantia
1290 409 1443 488 ligno
1604 416 1611 432 '

171 488 575 567 Balsamaque,
604 492 660 547 et
686 486 884 549 baccas
912 504 1138 567 semper
1159 488 1475 559 frondentis
1498 490 1728 551 acanthi
1746 489 1779 552 ’.Ρ

167 566 318 639 Quid
343 582 576 627 nemora
603 564 931 646 AEthiopum
964 567 1121 628 molli
1159 567 1416 630 canentia·
1442 568 1605 629 lana?
1668 616 1675 623 .
1762 616 1769 623 .
1842 568 1961 633 120

165 646 502 725 velleraque
529 651 596 705 ut
619 644 772 705 folii‘s
796 645 1096 739 depectant
1121 646 1311 709 tenuia
1330 648 1349 683 ¹
1382 646 1589 709 Seres?
1750 670 1757 698 ε

162 728 281 785 Aut
309 742 452 804 quos
479 723 704 786 Oceano
731 742 966 817 propior
991 726 1136 804 gerit
1161 725 1318 788 India
1347 726 1534 805 luooS,

163 803 421 865 Extremi
447 802 603 863 sinus
633 803 787 864 orbis
806 852 822 880 ‚
853 805 961 867 ubi·
982 824 1112 867 aera
1138 805 1367 867 vincere
1392 824 1678 867 summum

164 883 406 944 Arboris
433 882 583 943 haud
609 882 739 942 ullae
759 883 913 962 jactu
941 886 1175 965 potuere
1203 885 1461 961 sagittae?
1669 889 1673 897 '

165 962 238 1023 Et
261 980 405 1039 gens
431 960 523 1022 illa
557 960 785 1041 quidem
813 964 1052 1045 sumptis
1079 983 1195 1024 non
1223 965 1380 1025 tarda
1408 964 1707 1045 pharetris,
1843 962 1959 1027 125

166 1040 352 1103 Media
381 1041 520 1101 fert²
546 1040 730 1101 tristes
760 1060 958 1102 succos
977 1044 1000 1077 ³
1020 1043 1359 1121 tardumque
1383 1062 1643 1124 saporem

166 1118 384 1182 Felicis
405 1118 570 1194 mali,
601 1138 714 1199 quo
750 1138 864 1179 non
893 1122 1225 1202 praesentius
1252 1122 1429 1182 ullum
1449 1169 1465 1199 ,

167 1198 382 1261 Pocula
411 1197 460 1258 si
488 1198 709 1278 quando
737 1217 898 1260 saevae
930 1200 1179 1262 infecere
1205 1216 1463 1261 noveroae
1482 1247 1499 1277 ,

169 1277 630 1357 miscueruntque
656 1277 862 1339 herbas
891 1286 946 1340 et
967 1298 1085 1341 non
1111 1279 1340 1341 innoxia
1366 1278 1536 1340 verba
1557 1324 1577 1355 ,

170 1355 461 1417 Auxilium
481 1356 502 1391 ⁴
529 1355 680 1417 venit
697 1404 714 1433 ,
751 1376 817 1417 ac
845 1358 1117 1420 membris
1144 1359 1257 1435 agit
1284 1365 1402 1420 atra
1426 1376 1666 1420 venena.
1845 1357 1961 1421 130

167 1436 194 1497 1
235 1456 300 1497 sa
325 1436 522 1513 ingens
548 1434 716 1496 arbos
734 1483 749 1511 ‚
782 1437 1098 1517 faciemque
1126 1437 1417 1499 simillima·
1445 1437 1639 1514 laur03

217 1523 270 1593 t,
303 1515 353 1575 si
379 1530 490 1575 non
519 1514 690 1573 alium
720 1514 1082 1595 latejzactaret
1113 1518 1378 1593 odorem,

167 1595 394 1655 Laurus
420 1602 578 1653 erat:
613 1592 744 1653 solia
772 1593 924 1656 haud
951 1596 1080 1656 ullis
1108 1596 1350 1656 labentia
1380 1595 1559 1657 ventis
1573 1604 1595 1673 3·
1618 1617 1623 1623 ·

167 1672 306 1735 Flos
334 1672 588 1753 apprima
615 1679 822 1751 tenax3
863 1674 1076 1735 animas
1094 1683 1116 1717 ⁸
1143 1682 1201 1736 et
1233 1675 1438 1736 olentia
1466 1674 1613 1736 Medi
1714 1720 1719 1727 .

167 1752 285 1815 Ora
314 1752 502 1813 fovent
527 1750 624 1811 illo
681 1757 745 1811 et
771 1752 1001 1815 senibus
1030 1754 1381 1816 medicantur
1410 1754 1651 1816 anhelis.·
1834 1752 1961 1817 ,135

246 1831 361 1894 Sed
385 1850 572 1911 neque
599 1798 889 1894 Medorum
914 1882 929 1910 ‚
962 1833 1115 1894 silvae
1144 1834 1446 1910 ditissima,
1474 1842 1655 1909 terra,

165 1909 288 1972 Nec
354 1910 554 1971 ulcher
579 1908 799 1987 Ganges
813 1912 858 1989 ⁶,
888 1920 1056 1993 atque
1083 1932 1223 1973 auro
1250 1911 1510 1974 turbidus
1526 1913 1787 1979 Hermus

166 1989 288 2052 Lau
332 1987 660 2068 ibus·Italiae
687 1997 928 2068 certent3
960 2011 1078 2055 non
1095 1991 1295 2052 Bactra
1311 2039 1327 2070 ,
1354 2008 1539 2071 neque
1561 1992 1685 2061 Indi
1704 2036 1720 2069 ,

168 2069 306 2128 Tot'a
351 2085 422 2129 ue
447 2067 738 2128 thuriferis
762 2067 1076 2132 Panchaia⁷
1103 2071 1325 2150 pinguis
1355 2073 1564 2133 arenis,
1624 2067 1631 2080 ’

165 2147 308 2208 Haec
355 2146 491 2208 oca⁸
518 2165 633 2208 non
663 2147 842 2208 tauri⁹
869 2150 1146 2240 spirantes
1174 2152 1405 2212 naribus
1432 2151 1620 2228 ignem
1836 2148 1956 2211 140

163 2226 488 2302 Invenere,
519 2225 656 2286 satis
681 2224 944 2289 immams
975 2229 1235 2290 dentibus
1259 2229 1458 2310 hydri3
1720 2245 1724 2252 ·
1774 2273 1781 2278 ·
1862 2249 1867 2256 ·

169 2304 289 2366 Nec
317 2303 526 2382 galeiS,
559 2304 860 2385 densisque
887 2307 1072 2368 virum
1104 2325 1267 2386 seges
1292 2308 1514 2368 horruit
1539 2307 1713 2369 hastis
1740 2326 1755 2367 :
1782 2327 1787 2334 ·

172 2382 287 2445 Sed
314 2383 559 2461 gravidae
588 2384 775 2461 fruges
803 2392 860 2446 et
883 2385 1092 2448 Bacchi
1121 2387 1397 2448 massicus
1420 2385 1627 2447 humor
1644 2386 1688 2422 ¹⁰

239 2550 272 2620 ¹¹
289 2552 476 2602 Venere
503 2552 687 2602 tenuia.
708 2552 800 2602 Los
817 2567 964 2617 copos
981 2554 1042 2617 de
1099 2553 1717 2614 oriental.—Hermus.Rio
1734 2555 1793 2606 de
1804 2555 1959 2609 Lidia.

175 2612 314 2667 seda,
763 2641 768 2650 ·
1160 2617 1183 2650 ⁷
1216 2617 1491 2668 Panchaia.
1520 2619 1661 2668 Parte
1686 2617 1746 2668 de
1773 2616 1824 2665 la
1846 2620 1966 2666 Ara-

232 2674 256 2706 ²
283 2673 452 2724 Media
483 2673 596 2736 fert.
635 2675 942 2740 Descripeion
981 2677 1042 2726 de
1096 2677 1182 2725 bia
1206 2678 1355 2727 Feliz.

170 2733 217 2782 la
230 2736 701 2806 naranjaotoronja,
719 2737 1043 2812 quasellama
1157 2739 1181 2774 ⁸
1213 2739 1335 2790 Hoee
1354 2739 1483 2790 lona.
1514 2739 1580 2788 La.
1604 2738 1759 2792 ltalia.
1862 2775 1869 2782 .

177 2809 230 2843 eu
250 2793 376 2843 latin
402 2797 592 2846 muham
609 2799 870 2849 medaeam.
1159 2800 1181 2833 ⁹
1208 2799 1321 2850 Non
1352 2801 1507 2850 tauri.
1538 2801 1673 2850 Estas
1692 2798 1883 2848 fibulas
1910 2814 1963 2849 se

169 2894 176 2908 .
231 2856 256 2890 ⁸
291 2857 482 2908 Tristes
507 2871 692 2912 succos.
721 2862 868 2909 Zumo
890 2862 1040 2921 agi-io.
1097 2866 1305 2910 mentun
1339 2862 1401 2911 de
1426 2861 1620 2914 colcos.
1686 2860 1813 2910 atria
1829 2860 1891 2910 de
1916 2861 1966 2910 la

169 2929 180 2942 ²
231 2917 260 2951 δ
293 2917 414 2977 ‘Quo
457 2933 558 2969 non
599 2921 926 2986 preeuntibus
967 2923 1044 2971 ul-
1087 2923 1361 2972 nhechicera
1382 2921 1563 2972 Medea.
1596 2921 1633 2970 V
1664 2936 1746 2972 ase
1781 2921 1923 2972 Ovm.
1944 2959 1962 2985 ‚

177 2977 339 3030 lum...
380 2982 642 3030 cumdium.
677 2983 1042 3033 Contu-avonem
1095 2985 1424 3049 Metamorpb'.
1445 2983 1530 3034 lib.
1563 2996 1653 3032 vn.

175 3041 491 3090 eflcaeisimoz
1162 3043 1210 3080 ¹⁰
1250 3043 1445 3094 Bacchi
1482 3047 1721 3096 massicus
1762 3045 1962 3097 humor.

235 3101 260 3136 ⁸
285 3101 523 3159 Animas,
545 3107 639 3152 etc.
654 3103 715 3153 El
737 3103 918 3154 allento
944 3121 975 3170 y
995 3105 1046 3154 lo.
1097 3104 1153 3154 El
1179 3106 1295 3154 vino
1312 3104 1413 3156 -.del
1441 3110 1607 3156 monte
1630 3105 1803 3156 Masico
1830 3119 1890 3154 en
1917 3103 1964 3153 la

175 3163 299 3260 boga
313 3159 515 3289 &62:⁸22
527 3164 898 3277 qussffgffigmfb
910 3167 1042 3278 Im‘iill.
1099 3166 1333 3278 ἑὶἶὲτιέἶειέε
1360 3165 1517 3215 Labor
1546 3181 1607 3216 en
1650 3165 1697 3216 el
1734 3167 1871 3226 raino
1905 3166 1965 3212 de

299 3238 304 3247 ·
518 3245 533 3274 2-
835 3242 865 3277 ε
933 3242 963 3278 n
1017 3243 1047 3278 a
1170 3243 1201 3292 p
1382 3240 1405 3263 -·
1804 3245 1811 3255 ·
