2334 3625
588 143 645 230 ·
808 167 819 205 ,
909 145 1113 191 AEimls.
1153 147 1326 192 LIBER
1362 147 1442 190 vl.
1963 135 2078 219 309

366 279 399 320 c
427 257 551 320 Non
578 259 687 322 hoc
708 259 815 322 ista
842 259 951 323 sihi
980 269 1200 341 tempus
1225 263 1540 341 spectacula
1566 262 1776 342 poscit3

278 337 445 400 Nunc
470 357 637 416 grege
656 340 733 402 de
764 339 971 406 intacto
1001 348 1219 419 septem
1241 348 1486 402 mactare
1508 342 1780 420 juvencos

276 416 611 480 Praestiterit
629 465 643 494 ‚
674 419 907 482 totidem
935 419 1105 482 lectas
1135 419 1205 479 de
1229 437 1390 479 more
1416 420 1693 482 bidentes.
1730 440 1761 480 n

278 496 509 558 Talibus
539 498 700 560 affata
726 497 942 561 AEnean
971 497 1115 577 (nec
1141 516 1303 558 sacra
1329 506 1618 560 morantur
2003 501 2082 563 40

275 574 445 637 Jussa
464 575 633 655 viri),
665 577 913 637 Teucros
940 583 1101 636 vocat
1122 577 1234 636 alta
1259 577 1318 636 in
1346 579 1555 657 templa
1583 577 1867 638 sacerdos.

356 655 621 716 Excisum
638 659 656 692 ¹
692 655 941 717 euboicae
968 656 1113 715 latus
1138 655 1338 732 ingens
1365 657 1523 736 rupis
1554 657 1611 716 in
1641 664 1862 717 antrum
1885 704 1902 734 ,

277 731 402 804 Quo
427 734 525 793 lati
548 733 762 794 ducunt
786 735 967 794 aditus
996 742 1255 811 centum,
1287 735 1428 796 ostia
1458 746 1702 812 centum,

274 811 438 874 Unde
466 820 637 873 ruunt
660 813 893 876 totidem
921 832 1107 888 voceS,
1140 833 1411 893 responsa
1439 814 1684 894 Sibyllae.

273 889 520 952 Ventum
549 899 668 953 erat
694 892 763 954 ad
790 893 985 969 limen,
1014 911 1192 971 quum
1223 892 1379 978 virgo
1403 914 1416 953 ε
1445 915 1474 954 (ς
1496 894 1736 955 Poscere
1763 891 1878 952 sata
1999 891 2076 952 45

276 968 522 1051 Tempus
535 973 580 1047 ²,
612 972 687 1032 ait
718 993 732 1031 ε
760 972 909 1032 Deus
928 1018 944 1047 ‚
976 989 1109 1032 ecce
1135 970 1306 1032 Deus.
1343 992 1372 1030 ³>
1415 972 1516 1034 Cui
1546 973 1674 1032 talia
1703 972 1841 1032 fanti

271 1047 419 1112 Ante
445 1050 595 1110 fores
613 1096 627 1125 ‚
660 1050 843 1112 subito
883 1069 997 1112 non
1023 1050 1259 1126 vultus⁸,
1287 1069 1402 1110 non
1426 1053 1581 1110 color
1606 1069 1774 1126 unuS,

270 1130 401 1192 Non
428 1136 669 1208 comptae
694 1131 955 1190 mansere
984 1147 1194 1204 comae3
1226 1129 1326 1189 sed
1355 1137 1546 1208 pectus
1574 1129 1838 1189 anhelum

271 1209 349 1270 Et
378 1207 535 1270 rabie
563 1207 681 1269 fera
716 1209 885 1270 corda
911 1215 1158 1285 tument,
1190 1209 1484 1287 majorque
1512 1207 1721 1282 videri,

270 1290 392 1350 Nec
419 1289 652 1348 mortale
676 1307 910 1364 sonanS,
941 1288 1123 1348 afflata
1150 1294 1239 1347 est
1263 1287 1496 1348 numine
1525 1285 1748 1365 quando
1991 1283 2070 1346 50

270 1367 398 1428 Jam
427 1366 693 1447 propiore
726 1367 867 1430 Dei..
886 1387 915 1428 «
948 1366 1147 1428 Cessas
1175 1366 1235 1426 in
1259 1374 1387 1426 vota
1416 1385 1756 1447 precesque,

268 1446 415 1508 Tros
434 1494 449 1523 ‚
483 1445 588 1522 ait,
618 1446 835 1508 AEnea‘?
865 1446 1094 1508 cessas?
1120 1464 1306 1524 neque
1331 1447 1481 1507 enim
1511 1453 1636 1506 ante
1666 1443 1958 1506 dehiscent

268 1525 569 1587 Attonitae*
596 1544 791 1604 magna
820 1544 920 1586 ora
944 1525 1169 1585 domuS.
1203 1543 1234 1583 1>
1269 1523 1342 1584 Et
1368 1525 1496 1586 talia
1522 1525 1662 1601 sata,

271 1603 552 1666 Conticuit
585 1624 599 1662 :
630 1606 849 1682 gelidus
877 1602 1109 1666 Teucris
1139 1621 1244 1683 per
1271 1604 1412 1665 dura
1441 1603 1690 1665 cucurrit

271 1682 410 1746 Ossa
437 1692 672 1759 tremor,
708 1683 892 1744 fundit
930 1702 1002 1744 ue
1031 1701 1229 1775 preces
1252 1683 1383 1744 rex⁸
1412 1690 1641 1764 pectore
1666 1682 1736 1743 ab
1765 1683 1881 1743 imo
1915 1701 1929 1742 ε
1995 1679 2071 1742 55

354 1782 385 1825 <t
414 1750 659 1842 Phoebe,
690 1702 1099 1843 gravesqrrojae
1127 1779 1354 1843 semper
1382 1763 1646 1839 miserate
1672 1762 1928 1840 laboreS‚

266 1841 527 1905 Dardana
548 1844 645 1923 qui
673 1842 891 1905 Paridis
918 1842 1121 1903 direxti
1136 1842 1157 1875 ⁶
1187 1843 1294 1905 tela
1317 1861 1628 1923 manusque

268 1920 487 2003 Corpus
513 1923 575 1984 in
601 1922 877 1998 AEacidae‚
908 1940 1136 1999 magnas
1173 1920 1439 1983 obeuntia
1466 1930 1644 1983 terras

268 2000 375 2063 Tot
400 2001 581 2064 maria
605 2000 847 2076 intravi,
885 2001 1027 2063 duce
1058 2008 1139 2079 te,
1176 2001 1513 2080 penitusque
1541 2006 1796 2081 repostas

326 2237 349 2273 ¹
368 2236 623 2287 Excisum.
651 2238 773 2301 Aqui
800 2236 893 2300 hay
918 2236 1137 2297 enhlage.
1259 2234 1282 2269 ὅ
1314 2235 1563 2285 Attonitae.
1600 2230 1918 2295 Sinecdoque.
1949 2231 2069 2281 Por-

263 2300 528 2363 Construyo
567 2300 636 2349 asi
665 2314 678 2347 ε
706 2300 922 2348 Antrum
968 2300 1140 2369 inqens
1194 2312 1289 2359 que
1310 2302 1414 2345 esta
1431 2295 1710 2343 habitacion
1728 2292 1966 2343 horrenda
1983 2294 2069 2343 de-

262 2360 489 2412 eaecisum
526 2366 599 2410 est
632 2360 687 2409 in
716 2360 845 2409 latus
885 2373 1029 2422 ναμε
1056 2373 1141 2407 eu-
1190 2357 1309 2465 {aba
1336 2358 1544 2405 atbnitos
1585 2357 1613 2403 ὁ,
1657 2354 1730 2404 los
1772 2370 1866 2419 que
1905 2361 2071 2405 entra-

261 2422 433 2475 bo’icoe.
462 2423 562 2485 Hay
589 2436 687 2470 una
722 2434 871 2469 cueva
902 2419 1140 2483 profunda
1229 2433 1292 2466 an
1321 2433 1383 2467 en
1409 2417 1506 2467 ella
1530 2432 1648 2482 para
1681 2417 1922 2470 consulter
1959 2418 1988 2465 a
2021 2416 2070 2465 la

260 2485 446 2535 cavada
472 2498 533 2533 en
559 2483 607 2532 ia
636 2496 767 2543 roca,
791 2486 889 2530 etc.
1191 2479 1360 2529 Sibila.

324 2546 347 2578 ²
377 2546 588 2596 Poscere
614 2542 725 2605 fata
748 2548 954 2605 tempus.
988 2542 1059 2592 Ya
1086 2558 1138 2591 es
1255 2542 1276 2576 ⁸
1305 2542 1615 2605 Reae.EneaS,
1632 2556 1714 2605 rey
1729 2541 1789 2589 de
1807 2540 1880 2589 los
1893 2540 2068 2603 Troya-

258 2605 381 2657 tiem
418 2623 445 2657 o
475 2607 536 2655 de
564 2605 805 2655 consultat
826 2605 872 2654 el
893 2604 1105 2653 oraculo.
1189 2618 1294 2653 nos,

323 2668 347 2703 ⁸
416 2667 551 2719 abito
576 2682 679 2718 non
702 2666 887 2717 vulcus.
918 2666 1136 2729 Ciceron,
1253 2666 1274 2700 ⁸
1333 2664 1555 2715 Direaeti.
1609 2664 1811 2725 Sincope
1863 2674 1952 2723 por
1993 2662 2069 2709 di-

257 2744 318 2780 ae
345 2730 538 2785 Divin„
568 2729 655 2778 lib.
680 2742 738 2791 11,
768 2730 887 2777 hace
916 2727 1057 2777 burla
1075 2728 1135 2777 de
1189 2726 1458 2777 rexistiAEl
1483 2740 1662 2787 cuerpo
1680 2724 1740 2773 de
1767 2724 1802 2770 Α
1839 2721 1962 2792 uiles
1975 2720 2065 2771 ha.-

256 2796 363 2841 este
392 2792 529 2841 furor
554 2792 759 2852 sagi-ado
794 2791 853 2840 de
881 2790 953 2839 los
982 2790 1138 2839 adivi·
1187 2789 1314 2838 fiado
1352 2801 1440 2850 por
1481 2802 1534 2835 su
1570 2785 1736 2834 madre
1775 2783 1811 2831 T
1844 2787 1906 2829 tis
1934 2797 1994 2830 en
2019 2781 2068 2831 la

256 2866 347 2902 nos
372 2851 592 2902 diciendo
622 2868 635 2901 :
666 2852 797 2911 Quid
830 2852 946 2901 verb
992 2851 1136 2901 habet
1186 2850 1366 2910 laguna
1382 2848 1581 2908 Estigia,
1605 2862 1690 2895 era
1708 2843 2064 2907 invulnerable‚

258 2914 575 2965 auctoritatis
599 2912 745 2975 furor
767 2916 877 2969 iste,
898 2928 1043 2976 quem
1057 2915 1136 2962 di·-
1186 2926 1354 2959 menos
1374 2924 1434 2958 en
1455 2908 1502 2957 el
1519 2907 1760 2969 carcaiial,
1780 2904 1968 2954 adonde
2001 2919 2064 2955 no

254 2980 429 3028 vinum
454 2976 647 3027 vocatis
655 3013 671 3039 ‚
699 2982 757 3025 ut
798 2990 907 3038 quae
937 2976 1135 3040 sapiens
1160 2974 1294 3027 ,toco
1332 2970 1377 3021 el
1408 2984 1549 3031 agua.
1576 2969 1727 3030 Poris,
1750 2982 1869 3032 pues
1890 3005 1901 3025 ‚
1931 2967 2066 3016 favo—

254 3053 361 3089 ηοη
396 3038 566 3089 videat
599 3041 807 3088 insanus
840 3056 853 3086 .-
883 3041 929 3086 εἰ
953 3038 1013 3093 is,
1049 3039 1133 3099 qui
1188 3036 1349 3084 recido
1378 3034 1438 3082 de
1464 3031 1613 3093 Apolo
1630 3067 1646 3093 ,
1674 3030 1722 3079 le
1750 3030 1924 3093 apunto
1954 3029 1984 3077 A
2017 3027 2064 3103 e}

255 3100 503 3151 hwnanos
530 3114 699 3151 sensus
730 3098 977 3156 amiserit,
1009 3099 1134 3150 divi-
1189 3110 1280 3144 con
1308 3110 1403 3145 una
1424 3099 1558 3142 saeta
1586 3091 1912 3153 envenenada,
1932 3106 1964 3157 y
1991 3104 2063 3141 asi

237 3172 349 3215 wws
370 3170 624 3215 assecutus
639 3165 735 3213 sit?
1187 3157 1326 3220 logro
1353 3156 1401 3209 el
1427 3156 1605 3208 herirle
1633 3170 1666 3220 y
1691 3152 1915 3205 matarle.
