2334 3625
374 161 491 222 204
968 175 1024 218 P.
1057 170 1297 218 wneim
1321 171 1573 218 uanoms

368 286 396 348 Ι
435 306 496 348 se
525 292 732 348 manin
755 286 1000 347 mortem
1024 285 1305 347 inveniam
1336 306 1350 346 ε
1384 285 1745 347 miserebitur
1770 286 1951 349 hostis
1970 334 1988 365 ,
2040 290 2197 354 645

417 367 722 446 xuviasque
746 374 902 457 petet
932 385 945 426 :
980 364 1158 425 facilis
1182 366 1402 444 jactura
1428 364 1695 446 sepulcri.

363 444 720 525 Jampridem
744 444 956 506 mvisus
983 444 1126 505 divis
1142 492 1158 521 ,
1192 451 1249 504 et
1273 444 1517 521 inutilis,
1546 462 1722 506 annos

364 523 668 603 Demoror,
707 544 774 585 ex
800 543 911 603 quo
940 542 1032 584 me
1061 524 1254 583 divum
1284 533 1441 604 pater
1467 532 1633 603 atque
1660 523 1957 609 hominum
1984 542 2093 585 rex

363 601 645 663 Fulminis
675 602 882 665 afflavit
907 602 1120 683 ventis*
1147 610 1205 663 et
1234 602 1467 679 contigit
1484 603 1620 680 igni.
1657 622 1707 683 »q

445 680 600 741 Talia
633 682 914 762 perstabat
941 699 1267 743 memorans
1286 727 1302 758 ,
1334 682 1589 761 fixusque
1616 682 1896 742 manebat.
2054 682 2187 747 653

363 760 480 820 Nos
510 764 705 823 contra
732 760 895 822 effusi
924 759 1216 839 lacrymiS,
1249 761 1567 840 conjuxque
1605 760 1844 837 Creiisa,

362 838 780 919 Ascaniusque,
813 838 1110 917 omnisque
1140 839 1345 899 domus
1365 886 1381 915 ,
1414 857 1486 901 ne
1512 848 1733 901 vertere
1756 856 1948 900 secum

363 916 578 979 Cuncta
605 926 763 999 pater
790 918 1018 997 fatoque
1047 916 1271 995 urgenti
1300 916 1631 979 incumbere
1661 918 1845 979 vellet.

362 995 645 1074 Abnegat,
675 998 1012 1078 inceptoque
1040 1004 1095 1058 et
1120 996 1352 1057 sedibus
1380 997 1557 1057 haeret
1583 998 1641 1057 in
1668 997 1871 1058 isdem.

362 1073 584 1136 Rursus
613 1076 673 1136 in
700 1095 856 1138 arma
882 1076 1058 1153 feror,
1086 1084 1444 1156 mortemque
1470 1076 1824 1137 miserrimus
1852 1082 2015 1155 opto:
2042 1077 2187 1138 655

363 1152 508 1215 Nam
537 1156 690 1233 quod
719 1155 1019 1217 consilium
1047 1163 1143 1215 aut
1170 1173 1297 1235 quae
1319 1156 1436 1234 jam
1466 1156 1689 1216 fortuna
1718 1154 1991 1215 dabatur?

364 1253 400 1293 a
431 1232 601 1294 Mene·
622 1236 822 1295 efferre
849 1234 1088 1314 pedem,
1121 1234 1368 1312 genitor,
1402 1241 1458 1294 te
1489 1252 1656 1314 posse
1682 1233 1879 1294 relicto

368 1310 658 1403 Sperasti‘?
684 1321 899 1373 tantum
941 1331 1012 1373 ue
1043 1313 1235 1372 nefas³
1268 1313 1451 1393 patrio
1480 1313 1689 1373 excidit
1715 1313 1853 1373 ore‘?
1950 1350 1956 1357 ·

367 1390 426 1452 S1
454 1390 598 1451 nihil
627 1410 696 1452 ex
723 1394 873 1451 tanta
944 1390 1137 1471 uperis
1167 1392 1352 1469 placet
1381 1391 1523 1452 urbe
1552 1391 1827 1470 relinqui,
2015 1451 2021 1460 ,

361 1468 433 1529 Et
461 1468 622 1530 sedet
653 1470 762 1530 hoc
789 1470 999 1546 anime,
1031 1468 1411 1561 perituraeque
1438 1470 1649 1531 addere
1678 1470 1863 1549 Trojae
2046 1472 2179 1533 660

361 1547 554 1627 Teque
584 1556 825 1627 tuosque
846 1549 1034 1628 juvat,
1104 1556 1216 1609 atet
1240 1549 1334 1610 ist1
1356 1550 1531 1628 janua
1560 1548 1733 1609 letho.

359 1624 600 1705 Jamque
629 1627 810 1688 aderit
837 1628 1012 1689 muito
1089 1627 1257 1689 riami
1282 1628 1352 1689 de
1375 1627 1651 1705 sanguine
1679 1627 1957 1707 PyrrhuS,

361 1703 566 1764 Natum
595 1712 722 1765 ante
752 1724 854 1767 ora
883 1706 1054 1786 patris
1071 1753 1086 1782 ,
1118 1714 1337 1785 patrem
1371 1706 1470 1786 qui
1497 1706 1792 1769 obtruncat
1818 1706 1890 1769 ad
1916 1724 2066 1768 aras.

362 1782 484 1844 Hoc
513 1791 666 1860 erat,
693 1784 840 1846 alma
864 1803 1105 1876 parem,
1139 1786 1291 1864 qubd
1318 1804 1411 1847 me
1439 1804 1541 1867 per
1559 1785 1669 1848 tela
1687 1835 1703 1866 ,
1736 1804 1839 1867 per
1866 1784 2023 1864 ignes

359 1862 580 1942 EripiS,
610 1871 676 1923 ut
707 1864 909 1926 medus
937 1864 1158 1951 hostem
1191 1865 1250 1925 in
1278 1865 1693 1945 penetralibuS‚
1724 1874 1899 1946 utque
2044 1865 2179 1929 665

359 1939 811 2022 Ascaniumque,
843 1941 1177 2024 patremque
1201 1962 1393 2005 meum
1411 1992 1426 2021 ,
1447 1945 1722 2024 juxtaque
1750 1943 2017 2007 Creiisam
2036 1993 2053 2023 ,

360 2021 620 2081 Alterum
647 2021 708 2082 in
737 2022 968 2084 alterius
996 2031 1271 2084 mactatos
1295 2023 1565 2100 sanguine
1596 2023 1867 2085 cernam?

361 2100 567 2178 Arma,
602 2101 735 2180 viri,
768 2102 909 2163 ferte
937 2120 1096 2163 arma
1127 2121 1141 2162 ε
1169 2109 1330 2163 vocat
1352 2103 1447 2163 lux
1472 2102 1669 2164 ultima
1696 2103 1925 2165 victos*-

358 2177 604 2240 Reddite
624 2199 717 2242 me
743 2179 976 2257 Danais3
1009 2181 1211 2242 sinite⁵
1234 2181 1541 2242 instaurata
1569 2171 1831 2244 revisam.

357 2254 561 2322 Praelia
592 2279 606 2320 :
639 2279 928 2340 nunquam
948 2261 969 2294 ⁸
998 2279 1195 2320 omnes
1222 2259 1391 2323 hodie
1420 2260 1733 2322 moriemur
1758 2261 1941 2324 inulti.
1970 2283 2001 2323 1>
2032 2265 2158 2328 670

349 2511 602 2560 concluian
628 2511 700 2560 las
742 2529 970 2577 exequias
997 2515 1223 2566 diciendo
1278 2515 1351 2564 los
1375 2516 1565 2564 vientos
1592 2530 1685 2578 que
1712 2531 1798 2564 son
1825 2531 1906 2565 sus
1936 2515 2058 2579 aiaS,
2086 2532 2169 2567 se-

348 2577 450 2621 tres
473 2587 616 2622 veces
637 2575 744 2622 vale
771 2589 860 2638 por
886 2575 1150 2639 despedida
1179 2577 1226 2627 al
1278 2589 1379 2638 gun
1406 2576 1477 2625 los
1504 2583 1689 2639 poetas,

349 2633 552 2684 difunt0.
1342 2639 1364 2672 ⁸
1398 2637 1703 2699 Tantumque
1736 2639 1923 2700 nefas.3
1950 2637 1997 2686 Y.
2031 2639 2165 2702 pudo

415 2697 434 2730 1
466 2697 583 2762 Ipse
617 2711 789 2745 manu-
833 2696 872 2746 Ο
911 2710 972 2760 yo
1000 2712 1078 2746 me
1107 2699 1223 2748 dare
1278 2698 1393 2746 salir
1418 2699 1477 2746 de
1500 2698 1547 2746 la
1572 2699 1693 2746 boca
1723 2701 1781 2748 de
1810 2715 1872 2747 un
1897 2699 2045 2762 padre
2074 2715 2170 2764 pa-

349 2755 398 2804 la
423 2763 643 2820 muerte3
668 2759 696 2807 ὁ
715 2758 762 2806 el
787 2759 1012 2820 enomigo
1030 2773 1120 2821 por
1137 2761 1223 2808 he.-
1277 2758 1415 2807 labra
1440 2759 1868 2822 taninjuriosaala
1884 2759 2061 2824 piedad
2082 2762 2169 2811 del

346 2817 434 2864 ber
457 2820 684 2883 despojos
709 2833 789 2868 me
807 2820 927 2868 hara
954 2825 1056 2868 este
1074 2821 1229 2872 bene·
1279 2835 1434 2883 mejor
1460 2819 1587 2882 bijo!

347 2879 488 2928 ficio:
535 2896 655 2945 poco
692 2881 900 2954 imperta
933 2880 978 2929 el
1023 2897 1116 2945 que
1155 2884 1224 2931 mi
1340 2881 1363 2914 ⁸
1418 2883 1573 2931 Vocat
1618 2883 1707 2931 luae
1748 2882 1932 2932 ultima
1982 2883 2162 2934 victos·

345 2951 523 3003 cuerpo
555 2943 710 3005 quede
737 2958 810 2992 sm
837 2942 1098 3007 sepultura.
1210 2939 1220 2944 ’
1279 2943 1349 2992 La
1376 2948 1563 2992 muerte
1580 2957 1634 2992 es
1652 2945 1697 2993 el
1723 2945 1861 2992 unico
1890 2958 2087 2994 recurso
2102 2946 2171 2995 de

349 3007 440 3063 Nec
475 3010 681 3054 tumulum
701 3023 832 3056 curo:
866 3012 1017 3066 septh
1046 3015 1193 3056 natura
1278 3003 1351 3052 los
1374 3005 1616 3054 vencidOS.

1009 3013 1221 3121 relictosae]
1344 3067 1365 3100 ⁸
1392 3065 1568 3116 Sinite.
1626 3065 1866 3129 Dejadme
1893 3065 2061 3117 volvor
2114 3083 2169 3118 a.

412 3119 436 3152 ²
467 3119 720 3171 Fulminis
743 3124 920 3174 ventis.
953 3125 1008 3174 El
1029 3141 1080 3174 ra
1113 3140 1142 3174 o
1162 3142 1225 3175 no
1282 3128 1519 3176 combate.

375 3193 520 3244 ompe
545 3180 593 3232 la
617 3182 745 3233 nube
769 3185 874 3236 sino
901 3186 1072 3250 impoli
1109 3203 1138 3238 ο
1165 3187 1228 3240 de
1344 3189 1368 3224 ⁰
1398 3191 1687 3256 Nunquam.
1726 3193 1764 3241 A
1802 3189 1853 3242 lo
1890 3203 2063 3242 menos
2096 3201 2164 3245 no

2306 0 2319 377 ¹1
