2334 3625
250 135 369 200 392
834 151 890 196 P.
935 151 1167 196 vmomi
1207 149 1458 208 morus

253 270 503 333 Pallanta
527 269 827 351 adjungam
858 290 873 332 t
907 269 1011 333 sub
1038 277 1095 332 te
1120 269 1362 332 tolerare
1388 267 1680 348 magistro‘
1921 264 2046 331 510

254 350 507 414 Militiam
536 358 591 412 et
611 369 777 428 grave
798 349 989 412 Martis
1018 369 1181 431 opuS,
1212 356 1306 410 tua
1333 367 1565 411 cernere
1591 347 1734 410 sacta

254 430 551 492 Assuescat
570 477 585 506 ,
618 429 815 504 primis
846 438 900 492 et
925 438 980 491 te
1009 430 1248 491 miretur
1273 427 1342 490 ab
1367 427 1583 508 anniss

252 508 503 571 Arcadas
519 507 659 570 huic
686 510 903 589 equites
932 509 1019 570 bis
1048 516 1306 586 centum,
1338 508 1543 569 robora
1570 505 1737 589 pubis
1791 573 1796 579 ,

253 586 455 664 Lecta,
492 587 665 664 dabo,
698 588 1041 670 totidemque
1069 606 1172 648 suo
1211 586 1312 648 tibi
1339 587 1570 647 nomine
1599 583 1794 658 Pallas.
1849 602 1880 648 1

333 667 438 728 Vix
466 685 530 726 ea
558 667 703 728 satus
732 676 882 744 erat,
916 665 1194 745 defixique
1219 682 1316 729 ora
1340 664 1604 726 tenebant
1895 663 2042 730 520

253 745 456 806 AEneas
482 745 844 824 Anchisiades
871 753 926 806 et
951 745 1097 806 fidus
1124 745 1394 820 AchateS,

253 821 533 904 Multaque
560 825 698 885 dura
724 819 827 885 suo
855 823 999 885 tristi
1028 843 1158 886 cum
1185 823 1355 885 corde
1383 822 1682 904 putabant,

253 901 323 961 Ni
348 903 570 980 signum
600 904 741 964 coelo
769 903 1044 984 Cytherea
1073 903 1322 966 dedisset
1349 910 1562 984 aperto,

254 981 511 1062 Namque
538 982 841 1098 improviso
871 983 1119 1044 vibratus
1146 983 1216 1044 ab
1244 983 1454 1044 aethere
1479 982 1663 1059 fulgor
2041 1041 2048 1052 ,

255 1058 400 1122 Cum
428 1062 615 1123 sonitu
670 1063 842 1140 venit,
875 1071 929 1124 et
954 1067 1152 1124 ruere²
1184 1061 1372 1123 omnia
1399 1061 1515 1122 visa
1539 1057 1800 1140 repente,
1925 1059 2046 1123 525.

253 1137 724 1221 Tyrrhenusque³
753 1143 901 1202 tubae
928 1141 1151 1219 mugire
1181 1159 1284 1222 per
1311 1141 1521 1201 aethera
1549 1140 1798 1218 clangor.

258 1217 586 1300 Suspiciunt
617 1240 631 1280 ε
662 1220 867 1282 iterum
896 1229 1074 1300 atque.
1093 1221 1301 1282 iterum
1330 1220 1515 1298 fragor
1548 1218 1766 1280 intonat
1792 1217 1994 1297 ingens
2021 1248 2040 1282 ·.

251 1297 429 1360 Arma
455 1299 600 1360 inter
624 1300 833 1361 nubem
856 1347 871 1376 ,
908 1299 1035 1361 coeli
1066 1298 1125 1359 in
1149 1299 1378 1378 regione
1409 1301 1608 1360 serena
1625 1345 1640 1374 ,

252 1373 365 1438 Per
389 1379 594 1440 sudum
610 1382 631 1416 ¹·
656 1379 886 1440 rutilare
908 1379 1128 1456 vident,
1160 1387 1216 1440 et
1241 1379 1398 1458 pulsa
1421 1395 1644 1438 sonare.

257 1453 612 1548 Obstupuere
642 1457 842 1520 animis
870 1458 1001 1534 alii3
1033 1458 1134 1519 sed
1160 1461 1338 1519 troius
1367 1458 1534 1519 heros
1770 1503 1782 1512 .
1929 1455 2040 1520 530

252 1533 493 1611 Agnovit
520 1537 766 1597 sonitum
794 1545 849 1598 et
876 1537 1017 1598 divae
1046 1537 1324 1618 promissa
1352 1535 1620 1618 parentiS.

256 1611 399 1673 Tum
422 1623 699 1676 memorat
730 1637 743 1675 :
780 1636 809 1674 «
842 1615 924 1676 Ne
949 1619 1104 1694 vero,
1135 1618 1364 1697 hospes,
1397 1636 1468 1677 ne
1494 1634 1684 1695 quaere
1713 1611 1966 1695 profecte

256 1689 436 1762 Quem
464 1701 655 1752 casum
676 1701 939 1772 ‚portenta
966 1695 1151 1756 ferant
1184 1716 1198 1754 :
1231 1713 1334 1772 ego
1364 1715 1568 1776 poscor
1594 1694 1829 1774 ,Olympo
1842 1693 1895 1769 ὅ’ς

253 1770 375 1832 Hoc
400 1769 621 1847 signum
652 1769 854 1833 cecinit
879 1771 1182 1834 missuram
1211 1773 1336 1834 diva
1365 1774 1604 1836 creatrix
1622 1822 1638 1852 ,

254 1848 317 1912 Si
343 1850 554 1911 bellum
581 1849 893 1929 ingrueret,
930 1852 1300 1932 vulcaniaque
1328 1872 1484 1915 arma
1512 1872 1616 1935 per
1642 1870 1806 1915 auras
1930 1850 2048 1913 535

251 1928 518 1991 Laturam
544 1930 769 1992 auxilio.
848 1992 853 2000 ,
1441 1991 1446 1997 .

252 2008 410 2071 Heu!
444 2016 665 2088 quantae
692 2010 913 2073 miseris
942 2012 1124 2073 caedes
1150 2010 1527 2081 Laurentibus
1554 2012 1795 2075 instant!

254 2086 404 2159 Quas
431 2108 627 2169 poenas
654 2090 823 2169 mihi,
856 2090 1075 2169 Turne,
1108 2092 1300 2153 dabis!
1343 2094 1510 2171 quam
1542 2092 1716 2154 multa
1743 2089 1848 2153 sub
1879 2088 2052 2153 undis

254 2164 420 2256 Scuta
455 2168 638 2229 virum
664 2170 961 2251 galeasque
988 2178 1044 2232 et
1071 2172 1233 2232 fortia
1264 2190 1502 2256 corpora
1527 2170 1713 2251 volves

253 2245 411 2307 T1hr1
438 2251 621 2326 pater!
655 2248 893 2311 Poscant
915 2250 1063 2312 acies
1086 2298 1101 2328 ,
1133 2259 1189 2312 et
1214 2250 1428 2313 foedera
1447 2268 1572 2311 rum
1615 2258 1730 2312 ant.
1763 2269 1795 2311 2
1933 2248 2056 2313 540

331 2323 467 2413 Hae-c
492 2326 591 2388 uhi
621 2328 766 2391 dicta
796 2330 980 2407 dedit,
1012 2330 1152 2391 solio
1183 2350 1244 2391 se
1271 2330 1414 2391 tollit
1441 2328 1510 2391 ab
1539 2270 1649 2391 aflo
1672 2376 1689 2408 ,

243 2402 325 2480 ,Et
352 2405 601 2484 primum
628 2406 911 2469 herculeis
940 2428 1003 2469 so
1046 2410 1149 2469 itas
1176 2408 1400 2487 ignibus
1433 2426 1560 2471 aras

225 2481 493 2560 7‚Excitat,
526 2484 968 2565 hesternumque
1022 2494 1202 2548 'arem
1231 2507 1434 2569 parvos
1476 2506 1546 2549 ue
1569 2486 1808 2549 Penates

228 2560 441 2654 “mactus
470 2562 649 2641 adit⁸3
680 2571 925 2642 mactant
950 2565 1129 2627 lectas
1158 2566 1229 2627 de
1259 2568 1418 2627 mo're
1473 2565 1701 2649 identes
1739 2563 1746 2573 ’

316 2741 335 2774 ¹
360 2742 557 2808 Fulqor
583 2759 695 2795 cum
724 2749 902 2797 sonitu.
938 2747 1008 2797 Un
1034 2730 1123 2797 re-'
1221 2747 1242 2781 ¹·
1263 2748 1474 2799 sudum.
1528 2724 1589 2798 Eis
1627 2748 1674 2799 el
1719 2748 1822 2797 aire
1853 2747 2046 2797 cuando

251 2802 478 2914 lampEaigo
505 2820 595 2855 con
621 2822 686 2857 un
716 2812 903 2857 trueno.
1101 2869 1118 2917 l
1204 2810 1331 2883 neda
1372 2825 1541 2860 sereno
1585 2810 1797 2875 despuas
1837 2809 1900 2860 de
1957 2824 2056 2859 una.

252 2924 379 2974 ciclo
402 2912 459 2975 ιε’
472 2870 901 2991 &vaf-aggii&
926 2948 955 2980 a
970 2884 1097 2995 Hgio}3
1171 2872 1190 2921 l
1213 2886 1614 3005 ullvfflqoposcor
1649 2932 1876 2998 Olympo.
1915 2931 2050 2983 C'on·

318 2986 339 3019 ³
358 2988 665 3049 Tyrrhenus.
695 2992 765 3039 En
784 2992 921 3041 seiial
938 2994 998 3043 de
1024 2991 1142 3055 que*
1173 2993 1306 3055 migo
1336 2993 1437 3043 solo
1482 2990 1632 3045 habia
1673 3000 1782 3045 este
1825 2991 2056 3045 celestial‘

254 3048 405 3097 Eneas
422 3060 506 3095 era
524 3048 783 3101 declat-ado
802 3053 883 3101 del
894 3054 1019 3105 ciclo
1030 3068 1121 3117 por
1171 3056 1260 3117 pro
1354 3056 1364 3067 '

256 3108 448 3175 capitan
476 3108 537 3155 do
556 3108 628 3157 los
649 3110 883 3175 'rii-renos
903 3115 930 3162 ό
958 3116 1121 3163 Etrus»-
1237 3056 1681 3177 ⁶dffissiernumquo
1699 3114 1902 3173 Darem,
1919 3090 2052 3181 par·

255 3184 353 3219 cos.
560 3196 563 3203 ·
610 3248 617 3255 ι
724 3218 751 3246 .·
854 3185 877 3229 J
1104 3247 1139 3255 ἢ
1173 3190 1354 3257 vosque
1376 3178 1587 3251 Penates
1611 3177 1758 3251 loetaus
1789 3177 1917 3229 adit.
1949 3176 2052 3235 ΕΒ·-
