<?xml version="1.0" encoding="UTF-8"?>
<!DOCTYPE html PUBLIC "-//W3C//DTD XHTML 1.0 Transitional//EN"
    "http://www.w3.org/TR/xhtml1/DTD/xhtml1-transitional.dtd">
<html xmlns="http://www.w3.org/1999/xhtml" xml:lang="en" lang="en">
 <head>
  <title>
</title>
<meta http-equiv="Content-Type" content="text/html;charset=utf-8" />
  <meta name='ocr-system' content='tesseract 3.04.00' />
  <meta name='ocr-capabilities' content='ocr_page ocr_carea ocr_par ocr_line ocrx_word'/>
</head>
<body>
  <div class='ocr_page' id='page_1' title='image "./publiivirgiliim08virggoog_0139.png"; bbox 0 0 2334 3625; ppageno 0'>
   <div class='ocr_carea' id='block_1_1' title="bbox 803 133 2007 214">
    <p class='ocr_par' dir='ltr' id='par_1_1' title="bbox 803 133 2007 214">
     <span class='ocr_line' id='line_1_1' title="bbox 803 133 2007 214; baseline 0.002 -3"><span class='ocrx_word' id='word_1_1' title='bbox 803 145 1110 214; x_wconf 68' lang='lat' dir='ltr'>enonch.</span> <span class='ocrx_word' id='word_1_2' title='bbox 1132 149 1315 213; x_wconf 70' lang='lat' dir='ltr'>Lmen</span> <span class='ocrx_word' id='word_1_3' title='bbox 1328 170 1408 213; x_wconf 88' lang='lat' dir='ltr'>1v.</span> <span class='ocrx_word' id='word_1_4' title='bbox 1830 133 1838 148; x_wconf 78' lang='lat'>&#39;</span> <span class='ocrx_word' id='word_1_5' title='bbox 1894 155 2007 214; x_wconf 63' lang='lat'>{135³</span> 
     </span>
    </p>
   </div>
   <div class='ocr_carea' id='block_1_2' title="bbox 131 283 2019 2805">
    <p class='ocr_par' dir='ltr' id='par_1_2' title="bbox 141 283 2007 768">
     <span class='ocr_line' id='line_1_2' title="bbox 208 283 1935 366; baseline -0.001 -19"><span class='ocrx_word' id='word_1_6' title='bbox 208 286 380 348; x_wconf 82' lang='lat' dir='ltr'>Exesi</span> <span class='ocrx_word' id='word_1_7' title='bbox 405 285 578 346; x_wconf 90' lang='lat' dir='ltr'>latere</span> <span class='ocrx_word' id='word_1_8' title='bbox 603 283 664 345; x_wconf 90' lang='lat' dir='ltr'>in</span> <span class='ocrx_word' id='word_1_9' title='bbox 691 285 927 362; x_wconf 87' lang='lat' dir='ltr'>montis,</span> <span class='ocrx_word' id='word_1_10' title='bbox 961 288 1072 364; x_wconf 82' lang='lat' dir='ltr'>quo</span> <span class='ocrx_word' id='word_1_11' title='bbox 1101 285 1346 366; x_wconf 86' lang='lat' dir='ltr'>plurima</span> <span class='ocrx_word' id='word_1_12' title='bbox 1366 296 1531 354; x_wconf 82' lang='lat' dir='ltr'>vento</span> <span class='ocrx_word' id='word_1_13' title='bbox 1880 289 1935 359; x_wconf 78' lang='grc'>,·”</span> 
     </span>
     <span class='ocr_line' id='line_1_3' title="bbox 209 317 2007 443; baseline -0.002 -15"><span class='ocrx_word' id='word_1_14' title='bbox 209 364 443 442; x_wconf 84' lang='lat' dir='ltr'>Cogitur</span> <span class='ocrx_word' id='word_1_15' title='bbox 467 364 637 443; x_wconf 87' lang='lat' dir='ltr'>inque</span> <span class='ocrx_word' id='word_1_16' title='bbox 664 362 820 424; x_wconf 91' lang='lat' dir='ltr'>sinus</span> <span class='ocrx_word' id='word_1_17' title='bbox 847 363 1052 425; x_wconf 86' lang='lat' dir='ltr'>scindit</span> <span class='ocrx_word' id='word_1_18' title='bbox 1078 383 1205 426; x_wconf 89' lang='lat' dir='ltr'>sese</span> <span class='ocrx_word' id='word_1_19' title='bbox 1234 365 1382 426; x_wconf 86' lang='lat' dir='ltr'>unda</span> <span class='ocrx_word' id='word_1_20' title='bbox 1410 365 1705 442; x_wconf 87' lang='lat' dir='ltr'>reductos;</span> <span class='ocrx_word' id='word_1_21' title='bbox 1890 317 2007 425; x_wconf 62' lang='lat'>{¹2¹³</span> 
     </span>
     <span class='ocr_line' id='line_1_4' title="bbox 141 442 1937 524; baseline -0.002 -18"><span class='ocrx_word' id='word_1_22' title='bbox 141 455 146 462; x_wconf 84' lang='grc'><strong>’</strong></span> <span class='ocrx_word' id='word_1_23' title='bbox 205 443 516 524; x_wconf 85' lang='lat' dir='ltr'><strong>Deprensis</strong></span> <span class='ocrx_word' id='word_1_24' title='bbox 545 442 679 503; x_wconf 89' lang='lat' dir='ltr'>olim</span> <span class='ocrx_word' id='word_1_25' title='bbox 707 443 870 503; x_wconf 85' lang='lat' dir='ltr'>statio</span> <span class='ocrx_word' id='word_1_26' title='bbox 897 444 1178 506; x_wconf 86' lang='lat' dir='ltr'>tutissima</span> <span class='ocrx_word' id='word_1_27' title='bbox 1208 443 1412 504; x_wconf 90' lang='lat' dir='ltr'>nautis.</span> <span class='ocrx_word' id='word_1_28' title='bbox 1700 451 1705 458; x_wconf 87' lang='lat'>&#39;</span> <span class='ocrx_word' id='word_1_29' title='bbox 1926 474 1937 485; x_wconf 51' lang='grc' dir='ltr'><em>ν</em></span> 
     </span>
     <span class='ocr_line' id='line_1_5' title="bbox 212 520 1941 602; baseline 0 -20"><span class='ocrx_word' id='word_1_30' title='bbox 212 523 372 583; x_wconf 82' lang='lat' dir='ltr'>[ntus</span> <span class='ocrx_word' id='word_1_31' title='bbox 397 540 460 582; x_wconf 91' lang='lat' dir='ltr'>se</span> <span class='ocrx_word' id='word_1_32' title='bbox 487 521 627 582; x_wconf 83' lang='lat' dir='ltr'>vasti</span> <span class='ocrx_word' id='word_1_33' title='bbox 654 521 889 582; x_wconf 84' lang='lat' dir='ltr'>Proteus</span> <span class='ocrx_word' id='word_1_34' title='bbox 918 522 1056 599; x_wconf 86' lang='lat' dir='ltr'>tegit</span> <span class='ocrx_word' id='word_1_35' title='bbox 1083 520 1270 602; x_wconf 85' lang='lat' dir='ltr'>objice</span> <span class='ocrx_word' id='word_1_36' title='bbox 1298 522 1445 582; x_wconf 86' lang='lat' dir='ltr'>saxi..</span> <span class='ocrx_word' id='word_1_37' title='bbox 1906 555 1941 593; x_wconf 80' lang='lat'>.·.</span> 
     </span>
     <span class='ocr_line' id='line_1_6' title="bbox 210 599 1813 692; baseline 0 -30"><span class='ocrx_word' id='word_1_38' title='bbox 210 601 317 662; x_wconf 88' lang='lat' dir='ltr'>Hic</span> <span class='ocrx_word' id='word_1_39' title='bbox 335 601 605 679; x_wconf 89' lang='lat' dir='ltr'>juvenem</span> <span class='ocrx_word' id='word_1_40' title='bbox 633 599 692 659; x_wconf 87' lang='lat' dir='ltr'>in</span> <span class='ocrx_word' id='word_1_41' title='bbox 713 599 944 660; x_wconf 83' lang='lat' dir='ltr'>latebris</span> <span class='ocrx_word' id='word_1_42' title='bbox 976 619 1233 662; x_wconf 86' lang='lat' dir='ltr'>aversum</span> <span class='ocrx_word' id='word_1_43' title='bbox 1262 603 1293 660; x_wconf 75' lang='lat' dir='ltr'>a</span> <span class='ocrx_word' id='word_1_44' title='bbox 1320 602 1534 662; x_wconf 90' lang='lat' dir='ltr'>lumine</span> <span class='ocrx_word' id='word_1_45' title='bbox 1559 599 1813 692; x_wconf 63' lang='lat' dir='ltr'>Nympha</span> 
     </span>
     <span class='ocr_line' id='line_1_7' title="bbox 209 677 1737 768; baseline -0.001 -27"><span class='ocrx_word' id='word_1_46' title='bbox 209 679 504 742; x_wconf 89' lang='lat' dir='ltr'>Collocat:</span> <span class='ocrx_word' id='word_1_47' title='bbox 536 677 658 768; x_wconf 82' lang='lat' dir='ltr'>ipsa</span> <span class='ocrx_word' id='word_1_48' title='bbox 685 679 882 758; x_wconf 89' lang='lat' dir='ltr'>procul</span> <span class='ocrx_word' id='word_1_49' title='bbox 909 679 1130 740; x_wconf 83' lang='lat' dir='ltr'>nebulis</span> <span class='ocrx_word' id='word_1_50' title='bbox 1160 679 1401 742; x_wconf 84' lang='lat' dir='ltr'>obscura</span> <span class='ocrx_word' id='word_1_51' title='bbox 1428 679 1657 741; x_wconf 83' lang='lat' dir='ltr'>resistit.</span> <span class='ocrx_word' id='word_1_52' title='bbox 1734 719 1737 723; x_wconf 91' lang='lat'><em>-</em></span> 
     </span>
    </p>

    <p class='ocr_par' dir='ltr' id='par_1_3' title="bbox 131 745 2007 1464">
     <span class='ocr_line' id='line_1_8' title="bbox 290 745 2007 836; baseline 0 -18"><span class='ocrx_word' id='word_1_53' title='bbox 290 757 418 819; x_wconf 89' lang='lat' dir='ltr'>Jam</span> <span class='ocrx_word' id='word_1_54' title='bbox 445 745 706 836; x_wconf 80' lang='lat' dir='ltr'>rapiduS,</span> <span class='ocrx_word' id='word_1_55' title='bbox 739 765 960 818; x_wconf 85' lang='lat' dir='ltr'>torrens</span> <span class='ocrx_word' id='word_1_56' title='bbox 987 755 1241 820; x_wconf 80' lang='lat' dir='ltr'>sitientes</span> <span class='ocrx_word' id='word_1_57' title='bbox 1270 758 1485 819; x_wconf 87' lang='lat' dir='ltr'>Sirius1</span> <span class='ocrx_word' id='word_1_58' title='bbox 1510 758 1679 820; x_wconf 90' lang='lat' dir='ltr'>Indos</span> <span class='ocrx_word' id='word_1_59' title='bbox 1698 806 1715 836; x_wconf 88' lang='lat'><strong>,</strong></span> <span class='ocrx_word' id='word_1_60' title='bbox 1886 754 2007 825; x_wconf 66' lang='lat'>425</span> 
     </span>
     <span class='ocr_line' id='line_1_9' title="bbox 209 835 1631 914; baseline -0.001 -17"><span class='ocrx_word' id='word_1_61' title='bbox 209 836 502 898; x_wconf 84' lang='lat' dir='ltr'>Ardebat²</span> <span class='ocrx_word' id='word_1_62' title='bbox 531 835 701 910; x_wconf 76' lang='lat' dir='ltr'>coeln,</span> <span class='ocrx_word' id='word_1_63' title='bbox 735 842 791 896; x_wconf 87' lang='lat' dir='ltr'>et</span> <span class='ocrx_word' id='word_1_64' title='bbox 820 836 1072 898; x_wconf 90' lang='lat' dir='ltr'>medium</span> <span class='ocrx_word' id='word_1_65' title='bbox 1097 838 1181 898; x_wconf 92' lang='lat' dir='ltr'>sol</span> <span class='ocrx_word' id='word_1_66' title='bbox 1210 837 1405 914; x_wconf 82' lang='lat' dir='ltr'>igneus</span> <span class='ocrx_word' id='word_1_67' title='bbox 1436 837 1631 899; x_wconf 89' lang='lat' dir='ltr'>orbem</span> 
     </span>
     <span class='ocr_line' id='line_1_10' title="bbox 207 913 1735 990; baseline -0.001 -14"><span class='ocrx_word' id='word_1_68' title='bbox 207 916 522 990; x_wconf 89' lang='lat' dir='ltr'>Hauserat;</span> <span class='ocrx_word' id='word_1_69' title='bbox 555 913 788 974; x_wconf 83' lang='lat' dir='ltr'><strong>arebant</strong></span> <span class='ocrx_word' id='word_1_70' title='bbox 817 914 1009 976; x_wconf 78' lang='lat' dir='ltr'>herbae</span> <span class='ocrx_word' id='word_1_71' title='bbox 1029 963 1042 985; x_wconf 93' lang='lat'>‚</span> <span class='ocrx_word' id='word_1_72' title='bbox 1079 922 1134 975; x_wconf 92' lang='lat' dir='ltr'>et</span> <span class='ocrx_word' id='word_1_73' title='bbox 1162 935 1293 977; x_wconf 89' lang='lat' dir='ltr'>cava</span> <span class='ocrx_word' id='word_1_74' title='bbox 1321 917 1551 977; x_wconf 88' lang='lat' dir='ltr'>flumina</span> <span class='ocrx_word' id='word_1_75' title='bbox 1570 915 1735 976; x_wconf 91' lang='lat' dir='ltr'>siccis</span> 
     </span>
     <span class='ocr_line' id='line_1_11' title="bbox 208 991 1669 1072; baseline 0.001 -18"><span class='ocrx_word' id='word_1_76' title='bbox 208 993 498 1054; x_wconf 84' lang='lat' dir='ltr'>Faucibus</span> <span class='ocrx_word' id='word_1_77' title='bbox 525 991 596 1053; x_wconf 89' lang='lat' dir='ltr'>ad</span> <span class='ocrx_word' id='word_1_78' title='bbox 625 991 823 1052; x_wconf 82' lang='lat' dir='ltr'>limum</span> <span class='ocrx_word' id='word_1_79' title='bbox 850 993 992 1053; x_wconf 86' lang='lat' dir='ltr'>radii</span> <span class='ocrx_word' id='word_1_80' title='bbox 1022 995 1293 1072; x_wconf 86' lang='lat' dir='ltr'>tepefacta</span> <span class='ocrx_word' id='word_1_81' title='bbox 1322 994 1669 1072; x_wconf 89' lang='lat' dir='ltr'>coquebant,</span> 
     </span>
     <span class='ocr_line' id='line_1_12' title="bbox 211 1071 1717 1152; baseline 0 -20"><span class='ocrx_word' id='word_1_82' title='bbox 211 1072 402 1143; x_wconf 87' lang='lat' dir='ltr'>Quum</span> <span class='ocrx_word' id='word_1_83' title='bbox 432 1071 666 1131; x_wconf 90' lang='lat' dir='ltr'>Proteus</span> <span class='ocrx_word' id='word_1_84' title='bbox 694 1079 955 1132; x_wconf 89' lang='lat' dir='ltr'>consueta</span> <span class='ocrx_word' id='word_1_85' title='bbox 986 1080 1179 1152; x_wconf 86' lang='lat' dir='ltr'>petens</span> <span class='ocrx_word' id='word_1_86' title='bbox 1212 1074 1242 1132; x_wconf 78' lang='lat' dir='ltr'>e</span> <span class='ocrx_word' id='word_1_87' title='bbox 1271 1073 1531 1134; x_wconf 85' lang='lat' dir='ltr'>fluctibus</span> <span class='ocrx_word' id='word_1_88' title='bbox 1560 1080 1717 1140; x_wconf 87' lang='lat' dir='ltr'>antra</span> 
     </span>
     <span class='ocr_line' id='line_1_13' title="bbox 131 1147 2007 1231; baseline 0 -20"><span class='ocrx_word' id='word_1_89' title='bbox 131 1159 135 1164; x_wconf 83' lang='grc'>’</span> <span class='ocrx_word' id='word_1_90' title='bbox 210 1150 374 1211; x_wconf 87' lang='lat' dir='ltr'>Ibat:</span> <span class='ocrx_word' id='word_1_91' title='bbox 409 1168 538 1210; x_wconf 91' lang='lat' dir='ltr'>eum</span> <span class='ocrx_word' id='word_1_92' title='bbox 565 1149 706 1208; x_wconf 82' lang='lat' dir='ltr'>vasti</span> <span class='ocrx_word' id='word_1_93' title='bbox 735 1149 947 1210; x_wconf 75' lang='lat' dir='ltr'>circum</span> <span class='ocrx_word' id='word_1_94' title='bbox 973 1169 1110 1226; x_wconf 86' lang='lat' dir='ltr'>gens</span> <span class='ocrx_word' id='word_1_95' title='bbox 1136 1151 1369 1226; x_wconf 83' lang='lat' dir='ltr'>humida</span> <span class='ocrx_word' id='word_1_96' title='bbox 1398 1151 1555 1231; x_wconf 88' lang='lat' dir='ltr'>ponti</span> <span class='ocrx_word' id='word_1_97' title='bbox 1888 1147 2007 1211; x_wconf 71' lang='lat'>430</span> 
     </span>
     <span class='ocr_line' id='line_1_14' title="bbox 211 1228 1455 1308; baseline 0.001 -20"><span class='ocrx_word' id='word_1_98' title='bbox 211 1229 516 1289; x_wconf 88' lang='lat' dir='ltr'>Exsultans</span> <span class='ocrx_word' id='word_1_99' title='bbox 539 1245 728 1288; x_wconf 88' lang='lat' dir='ltr'>rorem</span> <span class='ocrx_word' id='word_1_100' title='bbox 752 1228 860 1288; x_wconf 80' lang='lat' dir='ltr'>late</span> <span class='ocrx_word' id='word_1_101' title='bbox 889 1229 1160 1308; x_wconf 83' lang='lat' dir='ltr'>dispergit</span> <span class='ocrx_word' id='word_1_102' title='bbox 1184 1249 1455 1291; x_wconf 87' lang='lat' dir='ltr'>amarum.</span> 
     </span>
     <span class='ocr_line' id='line_1_15' title="bbox 214 1307 1600 1388; baseline 0 -20"><span class='ocrx_word' id='word_1_103' title='bbox 214 1307 490 1368; x_wconf 84' lang='lat' dir='ltr'>Sternunt</span> <span class='ocrx_word' id='word_1_104' title='bbox 516 1326 578 1367; x_wconf 89' lang='lat' dir='ltr'>se</span> <span class='ocrx_word' id='word_1_105' title='bbox 605 1323 803 1366; x_wconf 90' lang='lat' dir='ltr'>somno</span> <span class='ocrx_word' id='word_1_106' title='bbox 823 1307 1058 1369; x_wconf 82' lang='lat' dir='ltr'>diversae</span> <span class='ocrx_word' id='word_1_107' title='bbox 1084 1309 1142 1369; x_wconf 91' lang='lat' dir='ltr'>in</span> <span class='ocrx_word' id='word_1_108' title='bbox 1169 1309 1353 1369; x_wconf 87' lang='lat' dir='ltr'>littore</span> <span class='ocrx_word' id='word_1_109' title='bbox 1385 1308 1600 1388; x_wconf 85' lang='lat' dir='ltr'>phocae.</span> 
     </span>
     <span class='ocr_line' id='line_1_16' title="bbox 213 1383 1611 1464; baseline 0.001 -20"><span class='ocrx_word' id='word_1_110' title='bbox 213 1383 241 1444; x_wconf 94' lang='lat' dir='ltr'>I</span> <span class='ocrx_word' id='word_1_111' title='bbox 281 1405 344 1446; x_wconf 90' lang='lat' dir='ltr'>se</span> <span class='ocrx_word' id='word_1_112' title='bbox 363 1433 378 1462; x_wconf 92' lang='lat'>,</span> <span class='ocrx_word' id='word_1_113' title='bbox 409 1386 560 1446; x_wconf 87' lang='lat' dir='ltr'>velut</span> <span class='ocrx_word' id='word_1_114' title='bbox 585 1384 789 1445; x_wconf 81' lang='lat' dir='ltr'>stabuli</span> <span class='ocrx_word' id='word_1_115' title='bbox 819 1393 1005 1446; x_wconf 90' lang='lat' dir='ltr'>custos</span> <span class='ocrx_word' id='word_1_116' title='bbox 1035 1389 1094 1447; x_wconf 92' lang='lat' dir='ltr'>in</span> <span class='ocrx_word' id='word_1_117' title='bbox 1127 1386 1411 1449; x_wconf 88' lang='lat' dir='ltr'>montibus</span> <span class='ocrx_word' id='word_1_118' title='bbox 1440 1387 1573 1448; x_wconf 88' lang='lat' dir='ltr'>olim</span> <span class='ocrx_word' id='word_1_119' title='bbox 1592 1434 1611 1464; x_wconf 85' lang='lat'><em>‚</em></span> 
     </span>
    </p>

    <p class='ocr_par' dir='ltr' id='par_1_4' title="bbox 264 1463 1573 1542">
     <span class='ocr_line' id='line_1_17' title="bbox 264 1463 1573 1542; baseline -0.002 -16"><span class='ocrx_word' id='word_1_120' title='bbox 264 1484 326 1526; x_wconf 89' lang='lat' dir='ltr'>es</span> <span class='ocrx_word' id='word_1_121' title='bbox 369 1483 434 1524; x_wconf 90' lang='lat' dir='ltr'>er</span> <span class='ocrx_word' id='word_1_122' title='bbox 460 1463 558 1524; x_wconf 89' lang='lat' dir='ltr'>ubi</span> <span class='ocrx_word' id='word_1_123' title='bbox 587 1464 619 1522; x_wconf 77' lang='lat' dir='ltr'>e</span> <span class='ocrx_word' id='word_1_124' title='bbox 645 1465 1031 1542; x_wconf 21' lang='lat' dir='ltr'>pastulvitulos</span> <span class='ocrx_word' id='word_1_125' title='bbox 1058 1465 1129 1525; x_wconf 89' lang='lat' dir='ltr'>ad</span> <span class='ocrx_word' id='word_1_126' title='bbox 1157 1475 1299 1526; x_wconf 85' lang='lat' dir='ltr'>tecta</span> <span class='ocrx_word' id='word_1_127' title='bbox 1326 1465 1573 1541; x_wconf 83' lang='lat' dir='ltr'>reducit,</span> 
     </span>
    </p>

    <p class='ocr_par' dir='ltr' id='par_1_5' title="bbox 211 1484 2008 1702">
     <span class='ocr_line' id='line_1_18' title="bbox 211 1484 2008 1624; baseline 0.001 -22"><span class='ocrx_word' id='word_1_128' title='bbox 211 1484 553 1620; x_wconf 54' lang='lat' dir='ltr'>Auditisque</span> <span class='ocrx_word' id='word_1_129' title='bbox 582 1543 744 1622; x_wconf 88' lang='lat' dir='ltr'>lupos</span> <span class='ocrx_word' id='word_1_130' title='bbox 777 1552 984 1603; x_wconf 89' lang='lat' dir='ltr'>acuunt</span> <span class='ocrx_word' id='word_1_131' title='bbox 1007 1543 1283 1605; x_wconf 83' lang='lat' dir='ltr'>balatibus</span> <span class='ocrx_word' id='word_1_132' title='bbox 1312 1545 1473 1622; x_wconf 79' lang='lat' dir='ltr'>agni,</span> <span class='ocrx_word' id='word_1_133' title='bbox 1891 1543 2008 1624; x_wconf 61' lang='lat'>435</span> 
     </span>
     <span class='ocr_line' id='line_1_19' title="bbox 214 1621 1777 1702; baseline 0.001 -20"><span class='ocrx_word' id='word_1_134' title='bbox 214 1621 480 1682; x_wconf 85' lang='lat' dir='ltr'>Concidit</span> <span class='ocrx_word' id='word_1_135' title='bbox 511 1621 742 1700; x_wconf 91' lang='lat' dir='ltr'>scopulo</span> <span class='ocrx_word' id='word_1_136' title='bbox 770 1621 1022 1699; x_wconf 78' lang='lat' dir='ltr'>mediuS‚</span> <span class='ocrx_word' id='word_1_137' title='bbox 1057 1641 1471 1702; x_wconf 87' lang='lat' dir='ltr'>numerumque</span> <span class='ocrx_word' id='word_1_138' title='bbox 1502 1627 1777 1684; x_wconf 88' lang='lat' dir='ltr'>recenset.</span> 
     </span>
    </p>

    <p class='ocr_par' dir='ltr' id='par_1_6' title="bbox 135 1697 2019 2805">
     <span class='ocr_line' id='line_1_20' title="bbox 299 1697 1652 1780; baseline 0 -18"><span class='ocrx_word' id='word_1_139' title='bbox 299 1701 474 1778; x_wconf 86' lang='lat' dir='ltr'>Cujus</span> <span class='ocrx_word' id='word_1_140' title='bbox 499 1697 740 1760; x_wconf 87' lang='lat' dir='ltr'>Aristaeo</span> <span class='ocrx_word' id='word_1_141' title='bbox 770 1701 1031 1780; x_wconf 89' lang='lat' dir='ltr'>quoniam</span> <span class='ocrx_word' id='word_1_142' title='bbox 1061 1708 1146 1761; x_wconf 90' lang='lat' dir='ltr'>est</span> <span class='ocrx_word' id='word_1_143' title='bbox 1174 1702 1354 1762; x_wconf 86' lang='lat' dir='ltr'>oblata</span> <span class='ocrx_word' id='word_1_144' title='bbox 1384 1703 1616 1762; x_wconf 83' lang='lat' dir='ltr'>facultas</span> <span class='ocrx_word' id='word_1_145' title='bbox 1636 1749 1652 1778; x_wconf 88' lang='lat'>‚</span> 
     </span>
     <span class='ocr_line' id='line_1_21' title="bbox 215 1778 1713 1861; baseline 0 -21"><span class='ocrx_word' id='word_1_146' title='bbox 215 1779 326 1840; x_wconf 78' lang='lat' dir='ltr'>Vix</span> <span class='ocrx_word' id='word_1_147' title='bbox 354 1778 574 1840; x_wconf 82' lang='lat' dir='ltr'>defessa</span> <span class='ocrx_word' id='word_1_148' title='bbox 602 1797 799 1841; x_wconf 92' lang='lat' dir='ltr'>senem</span> <span class='ocrx_word' id='word_1_149' title='bbox 828 1797 1028 1860; x_wconf 88' lang='lat' dir='ltr'>passus</span> <span class='ocrx_word' id='word_1_150' title='bbox 1058 1799 1397 1861; x_wconf 89' lang='lat' dir='ltr'>componere</span> <span class='ocrx_word' id='word_1_151' title='bbox 1428 1780 1713 1857; x_wconf 86' lang='lat' dir='ltr'>membra,</span> 
     </span>
     <span class='ocr_line' id='line_1_22' title="bbox 217 1858 1723 1940; baseline -0.001 -19"><span class='ocrx_word' id='word_1_152' title='bbox 217 1858 364 1921; x_wconf 89' lang='lat' dir='ltr'>Cum</span> <span class='ocrx_word' id='word_1_153' title='bbox 395 1859 644 1920; x_wconf 90' lang='lat' dir='ltr'>clamore</span> <span class='ocrx_word' id='word_1_154' title='bbox 669 1860 782 1919; x_wconf 88' lang='lat' dir='ltr'>ruit</span> <span class='ocrx_word' id='word_1_155' title='bbox 812 1878 1046 1936; x_wconf 80' lang='lat' dir='ltr'>magnO,</span> <span class='ocrx_word' id='word_1_156' title='bbox 1078 1860 1423 1940; x_wconf 87' lang='lat' dir='ltr'>manicisque</span> <span class='ocrx_word' id='word_1_157' title='bbox 1443 1862 1723 1939; x_wconf 85' lang='lat' dir='ltr'>jacentem</span> 
     </span>
     <span class='ocr_line' id='line_1_23' title="bbox 135 1933 2013 2027; baseline -0.002 -26"><span class='ocrx_word' id='word_1_158' title='bbox 135 1964 146 1977; x_wconf 81' lang='lat'><em>-</em></span> <span class='ocrx_word' id='word_1_159' title='bbox 217 1936 627 2027; x_wconf 84' lang='lat' dir='ltr'>Occupat.&#39;Ille</span> <span class='ocrx_word' id='word_1_160' title='bbox 645 1985 660 2015; x_wconf 93' lang='lat'>,</span> <span class='ocrx_word' id='word_1_161' title='bbox 695 1955 811 1999; x_wconf 84' lang='lat' dir='ltr'>suae</span> <span class='ocrx_word' id='word_1_162' title='bbox 841 1942 1034 1999; x_wconf 75' lang='lat' dir='ltr'>contra</span> <span class='ocrx_word' id='word_1_163' title='bbox 1062 1958 1175 1999; x_wconf 91' lang='lat' dir='ltr'>non</span> <span class='ocrx_word' id='word_1_164' title='bbox 1203 1938 1503 1999; x_wconf 87' lang='lat' dir='ltr'>immemor</span> <span class='ocrx_word' id='word_1_165' title='bbox 1526 1938 1691 2015; x_wconf 85' lang='lat' dir='ltr'>artis,</span> <span class='ocrx_word' id='word_1_166' title='bbox 1893 1933 2013 1998; x_wconf 64' lang='lat'>440</span> 
     </span>
     <span class='ocr_line' id='line_1_24' title="bbox 219 2016 1967 2093; baseline -0.002 -13"><span class='ocrx_word' id='word_1_167' title='bbox 219 2016 430 2080; x_wconf 89' lang='lat' dir='ltr'>Omma</span> <span class='ocrx_word' id='word_1_168' title='bbox 460 2018 820 2078; x_wconf 84' lang='lat' dir='ltr'>transformat</span> <span class='ocrx_word' id='word_1_169' title='bbox 842 2034 964 2077; x_wconf 90' lang='lat' dir='ltr'>sese</span> <span class='ocrx_word' id='word_1_170' title='bbox 992 2017 1048 2077; x_wconf 90' lang='lat' dir='ltr'>in</span> <span class='ocrx_word' id='word_1_171' title='bbox 1077 2018 1345 2079; x_wconf 84' lang='lat' dir='ltr'>miracula</span> <span class='ocrx_word' id='word_1_172' title='bbox 1373 2036 1596 2093; x_wconf 89' lang='lat' dir='ltr'>rerum,</span> <span class='ocrx_word' id='word_1_173' title='bbox 1962 2060 1967 2069; x_wconf 82' lang='lat'>.</span> 
     </span>
     <span class='ocr_line' id='line_1_25' title="bbox 215 2094 2007 2191; baseline -0.004 -34"><span class='ocrx_word' id='word_1_174' title='bbox 215 2094 561 2191; x_wconf 64' lang='lat' dir='ltr'>Ignqmque,</span> <span class='ocrx_word' id='word_1_175' title='bbox 591 2096 1033 2173; x_wconf 86' lang='lat' dir='ltr'>horribilemque</span> <span class='ocrx_word' id='word_1_176' title='bbox 1067 2097 1275 2173; x_wconf 86' lang='lat' dir='ltr'>feram,</span> <span class='ocrx_word' id='word_1_177' title='bbox 1307 2098 1653 2175; x_wconf 86' lang='lat' dir='ltr'>fluviumque</span> <span class='ocrx_word' id='word_1_178' title='bbox 1679 2095 2007 2174; x_wconf 87' lang='lat' dir='ltr'>liquentem.</span> 
     </span>
     <span class='ocr_line' id='line_1_26' title="bbox 215 2174 1677 2255; baseline -0.003 -19"><span class='ocrx_word' id='word_1_179' title='bbox 215 2174 438 2236; x_wconf 85' lang='lat' dir='ltr'>Verum</span> <span class='ocrx_word' id='word_1_180' title='bbox 464 2174 561 2235; x_wconf 91' lang='lat' dir='ltr'>ubi</span> <span class='ocrx_word' id='word_1_181' title='bbox 589 2174 741 2235; x_wconf 90' lang='lat' dir='ltr'>nulla</span> <span class='ocrx_word' id='word_1_182' title='bbox 771 2176 956 2250; x_wconf 83' lang='lat' dir='ltr'>fugam</span> <span class='ocrx_word' id='word_1_183' title='bbox 981 2174 1194 2255; x_wconf 84' lang='lat' dir='ltr'>reperit</span> <span class='ocrx_word' id='word_1_184' title='bbox 1221 2175 1434 2235; x_wconf 83' lang='lat' dir='ltr'>fallacia</span> <span class='ocrx_word' id='word_1_185' title='bbox 1454 2224 1470 2251; x_wconf 89' lang='lat'>,</span> <span class='ocrx_word' id='word_1_186' title='bbox 1502 2174 1677 2235; x_wconf 89' lang='lat' dir='ltr'>victus</span> 
     </span>
     <span class='ocr_line' id='line_1_27' title="bbox 216 2252 1785 2332; baseline -0.003 -18"><span class='ocrx_word' id='word_1_187' title='bbox 216 2252 289 2314; x_wconf 92' lang='lat' dir='ltr'>In</span> <span class='ocrx_word' id='word_1_188' title='bbox 317 2271 444 2313; x_wconf 89' lang='lat' dir='ltr'>sese</span> <span class='ocrx_word' id='word_1_189' title='bbox 472 2253 654 2329; x_wconf 87' lang='lat' dir='ltr'>redit,</span> <span class='ocrx_word' id='word_1_190' title='bbox 688 2259 852 2332; x_wconf 85' lang='lat' dir='ltr'>atque</span> <span class='ocrx_word' id='word_1_191' title='bbox 881 2253 1122 2313; x_wconf 87' lang='lat' dir='ltr'>hominis</span> <span class='ocrx_word' id='word_1_192' title='bbox 1150 2255 1375 2314; x_wconf 89' lang='lat' dir='ltr'>tandem</span> <span class='ocrx_word' id='word_1_193' title='bbox 1406 2271 1504 2313; x_wconf 87' lang='lat' dir='ltr'>ore</span> <span class='ocrx_word' id='word_1_194' title='bbox 1526 2254 1745 2312; x_wconf 89' lang='lat' dir='ltr'>locutus</span> <span class='ocrx_word' id='word_1_195' title='bbox 1771 2270 1785 2309; x_wconf 73' lang='grc' dir='ltr'>ι</span> 
     </span>
     <span class='ocr_line' id='line_1_28' title="bbox 222 2328 2015 2410; baseline -0.003 -17"><span class='ocrx_word' id='word_1_196' title='bbox 222 2352 257 2393; x_wconf 66' lang='lat' dir='ltr'>c</span> <span class='ocrx_word' id='word_1_197' title='bbox 293 2331 434 2392; x_wconf 84' lang='lat' dir='ltr'>Nam</span> <span class='ocrx_word' id='word_1_198' title='bbox 470 2332 630 2410; x_wconf 79' lang='lat' dir='ltr'>quis³</span> <span class='ocrx_word' id='word_1_199' title='bbox 652 2339 742 2409; x_wconf 89' lang='lat' dir='ltr'>te,</span> <span class='ocrx_word' id='word_1_200' title='bbox 765 2333 1036 2410; x_wconf 82' lang='lat' dir='ltr'>juvenum</span> <span class='ocrx_word' id='word_1_201' title='bbox 1067 2332 1566 2406; x_wconf 84' lang='lat' dir='ltr'>confidentissime,</span> <span class='ocrx_word' id='word_1_202' title='bbox 1597 2338 1817 2391; x_wconf 88' lang='lat' dir='ltr'>nostras</span> <span class='ocrx_word' id='word_1_203' title='bbox 1897 2328 2015 2387; x_wconf 72' lang='lat'>445</span> 
     </span>
     <span class='ocr_line' id='line_1_29' title="bbox 217 2408 2011 2490; baseline -0.004 -18"><span class='ocrx_word' id='word_1_204' title='bbox 217 2410 402 2472; x_wconf 83' lang='lat' dir='ltr'>Jussit</span> <span class='ocrx_word' id='word_1_205' title='bbox 429 2410 584 2471; x_wconf 88' lang='lat' dir='ltr'>adire</span> <span class='ocrx_word' id='word_1_206' title='bbox 609 2409 850 2471; x_wconf 75' lang='lat' dir='ltr'>domos?</span> <span class='ocrx_word' id='word_1_207' title='bbox 877 2410 1081 2490; x_wconf 83' lang='lat' dir='ltr'>quidve</span> <span class='ocrx_word' id='word_1_208' title='bbox 1109 2410 1245 2470; x_wconf 90' lang='lat' dir='ltr'>hinc</span> <span class='ocrx_word' id='word_1_209' title='bbox 1270 2409 1443 2489; x_wconf 82' lang='lat' dir='ltr'>petiS‚</span> <span class='ocrx_word' id='word_1_210' title='bbox 1480 2429 1507 2469; x_wconf 82' lang='lat'>»</span> <span class='ocrx_word' id='word_1_211' title='bbox 1540 2409 1763 2489; x_wconf 71' lang='lat' dir='ltr'>inquit?</span> <span class='ocrx_word' id='word_1_212' title='bbox 1786 2408 1859 2469; x_wconf 86' lang='lat' dir='ltr'>At</span> <span class='ocrx_word' id='word_1_213' title='bbox 1881 2408 2011 2467; x_wconf 87' lang='lat' dir='ltr'>ille:</span> 
     </span>
     <span class='ocr_line' id='line_1_30' title="bbox 225 2486 2014 2567; baseline -0.004 -16"><span class='ocrx_word' id='word_1_214' title='bbox 225 2510 260 2551; x_wconf 72' lang='lat' dir='ltr'>t</span> <span class='ocrx_word' id='word_1_215' title='bbox 307 2486 463 2565; x_wconf 85' lang='lat' dir='ltr'>Scis,</span> <span class='ocrx_word' id='word_1_216' title='bbox 499 2489 704 2550; x_wconf 89' lang='lat' dir='ltr'>Proteu</span> <span class='ocrx_word' id='word_1_217' title='bbox 719 2494 761 2567; x_wconf 48' lang='grc' dir='ltr'>ὅ,</span> <span class='ocrx_word' id='word_1_218' title='bbox 805 2490 915 2549; x_wconf 90' lang='lat' dir='ltr'>scis</span> <span class='ocrx_word' id='word_1_219' title='bbox 943 2486 1094 2567; x_wconf 79' lang='lat' dir='ltr'>ipse3</span> <span class='ocrx_word' id='word_1_220' title='bbox 1125 2506 1311 2567; x_wconf 66' lang='lat' dir='ltr'>aeque</span> <span class='ocrx_word' id='word_1_221' title='bbox 1336 2497 1420 2549; x_wconf 88' lang='lat' dir='ltr'>est</span> <span class='ocrx_word' id='word_1_222' title='bbox 1447 2496 1499 2549; x_wconf 90' lang='lat' dir='ltr'>te</span> <span class='ocrx_word' id='word_1_223' title='bbox 1530 2488 1722 2549; x_wconf 82' lang='lat' dir='ltr'>fallere</span> <span class='ocrx_word' id='word_1_224' title='bbox 1751 2488 2014 2565; x_wconf 82' lang='lat' dir='ltr'>cuiquam</span> 
     </span>
     <span class='ocr_line' id='line_1_31' title="bbox 221 2565 1558 2647; baseline -0.002 -18"><span class='ocrx_word' id='word_1_225' title='bbox 221 2567 340 2629; x_wconf 90' lang='lat' dir='ltr'>Sed</span> <span class='ocrx_word' id='word_1_226' title='bbox 369 2575 432 2627; x_wconf 89' lang='lat' dir='ltr'>tu</span> <span class='ocrx_word' id='word_1_227' title='bbox 457 2567 650 2628; x_wconf 90' lang='lat' dir='ltr'>desine</span> <span class='ocrx_word' id='word_1_228' title='bbox 675 2568 840 2630; x_wconf 88' lang='lat' dir='ltr'>velle.</span> <span class='ocrx_word' id='word_1_229' title='bbox 868 2567 1047 2627; x_wconf 78' lang='lat' dir='ltr'>Deum</span> <span class='ocrx_word' id='word_1_230' title='bbox 1078 2575 1355 2647; x_wconf 84' lang='lat' dir='ltr'>praecepta</span> <span class='ocrx_word' id='word_1_231' title='bbox 1384 2565 1558 2628; x_wconf 89' lang='lat' dir='ltr'>secuti</span> 
     </span>
     <span class='ocr_line' id='line_1_32' title="bbox 217 2644 1720 2727; baseline -0.005 -18"><span class='ocrx_word' id='word_1_232' title='bbox 217 2644 500 2709; x_wconf 83' lang='lat' dir='ltr'>Venimus</span> <span class='ocrx_word' id='word_1_233' title='bbox 529 2646 662 2707; x_wconf 90' lang='lat' dir='ltr'>hinc</span> <span class='ocrx_word' id='word_1_234' title='bbox 685 2646 856 2727; x_wconf 87' lang='lat' dir='ltr'>lapsis</span> <span class='ocrx_word' id='word_1_235' title='bbox 885 2646 1181 2725; x_wconf 75' lang='lat' dir='ltr'>quaesitum</span> <span class='ocrx_word' id='word_1_236' title='bbox 1211 2647 1433 2707; x_wconf 84' lang='lat' dir='ltr'>oracula</span> <span class='ocrx_word' id='word_1_237' title='bbox 1458 2646 1649 2707; x_wconf 83' lang='lat' dir='ltr'>rebus,</span> <span class='ocrx_word' id='word_1_238' title='bbox 1691 2664 1720 2703; x_wconf 84' lang='lat'>»</span> 
     </span>
     <span class='ocr_line' id='line_1_33' title="bbox 220 2720 2019 2805; baseline -0.004 -18"><span class='ocrx_word' id='word_1_239' title='bbox 220 2726 472 2787; x_wconf 78' lang='lat' dir='ltr'>Tantum</span> <span class='ocrx_word' id='word_1_240' title='bbox 501 2726 718 2786; x_wconf 87' lang='lat' dir='ltr'>effatus.</span> <span class='ocrx_word' id='word_1_241' title='bbox 751 2725 838 2785; x_wconf 92' lang='lat' dir='ltr'>Ad</span> <span class='ocrx_word' id='word_1_242' title='bbox 862 2725 984 2787; x_wconf 84' lang='lat' dir='ltr'>haec</span> <span class='ocrx_word' id='word_1_243' title='bbox 1011 2732 1160 2785; x_wconf 89' lang='lat' dir='ltr'>vates</span> <span class='ocrx_word' id='word_1_244' title='bbox 1187 2725 1241 2785; x_wconf 85' lang='lat' dir='ltr'>vi</span> <span class='ocrx_word' id='word_1_245' title='bbox 1270 2724 1511 2805; x_wconf 89' lang='lat' dir='ltr'>denique</span> <span class='ocrx_word' id='word_1_246' title='bbox 1536 2724 1709 2783; x_wconf 66' lang='lat' dir='ltr'>multa</span> <span class='ocrx_word' id='word_1_247' title='bbox 1902 2720 2019 2779; x_wconf 67' lang='lat'>450</span> 
     </span>
    </p>
   </div>
   <div class='ocr_carea' id='block_1_3' title="bbox 218 2926 2017 3055">
    <p class='ocr_par' dir='ltr' id='par_1_7' title="bbox 218 2926 2017 3055">
     <span class='ocr_line' id='line_1_34' title="bbox 287 2926 2017 2991; baseline -0.002 -14"><span class='ocrx_word' id='word_1_248' title='bbox 287 2930 308 2963; x_wconf 84' lang='lat'>¹</span> <span class='ocrx_word' id='word_1_249' title='bbox 342 2928 528 2977; x_wconf 63' lang='lat' dir='ltr'>Sirius.</span> <span class='ocrx_word' id='word_1_250' title='bbox 577 2928 643 2977; x_wconf 82' lang='lat' dir='ltr'>La</span> <span class='ocrx_word' id='word_1_251' title='bbox 688 2926 919 2979; x_wconf 84' lang='lat' dir='ltr'>canlcula.</span> <span class='ocrx_word' id='word_1_252' title='bbox 958 2929 1098 2978; x_wconf 85' lang='lat' dir='ltr'>Pirita</span> <span class='ocrx_word' id='word_1_253' title='bbox 1149 2930 1296 2979; x_wconf 79' lang='lat' dir='ltr'>verbo</span> <span class='ocrx_word' id='word_1_254' title='bbox 1346 2930 1477 2985; x_wconf 83' lang='lat' dir='ltr'>tiene</span> <span class='ocrx_word' id='word_1_255' title='bbox 1532 2929 1643 2991; x_wconf 87' lang='lat' dir='ltr'>aqui</span> <span class='ocrx_word' id='word_1_256' title='bbox 1688 2926 2017 2989; x_wconf 82' lang='lat' dir='ltr'>significacion</span> 
     </span>
     <span class='ocr_line' id='line_1_35' title="bbox 218 2989 1328 3055; baseline -0.001 -15"><span class='ocrx_word' id='word_1_257' title='bbox 218 2990 270 3040; x_wconf 79' lang='lat' dir='ltr'>el</span> <span class='ocrx_word' id='word_1_258' title='bbox 301 2993 453 3055; x_wconf 73' lang='lat' dir='ltr'>poeta</span> <span class='ocrx_word' id='word_1_259' title='bbox 479 2990 526 3038; x_wconf 89' lang='lat' dir='ltr'>el</span> <span class='ocrx_word' id='word_1_260' title='bbox 553 2990 694 3037; x_wconf 84' lang='lat' dir='ltr'>ardor</span> <span class='ocrx_word' id='word_1_261' title='bbox 722 2989 802 3038; x_wconf 92' lang='lat' dir='ltr'>del</span> <span class='ocrx_word' id='word_1_262' title='bbox 829 2990 900 3037; x_wconf 89' lang='lat' dir='ltr'>sol</span> <span class='ocrx_word' id='word_1_263' title='bbox 926 3005 988 3038; x_wconf 90' lang='lat' dir='ltr'>en</span> <span class='ocrx_word' id='word_1_264' title='bbox 1027 2990 1099 3038; x_wconf 91' lang='lat' dir='ltr'>los</span> <span class='ocrx_word' id='word_1_265' title='bbox 1154 2993 1328 3039; x_wconf 76' lang='lat' dir='ltr'>activa.</span> 
     </span>
    </p>
   </div>
   <div class='ocr_carea' id='block_1_4' title="bbox 218 3020 2072 3297">
    <p class='ocr_par' dir='ltr' id='par_1_8' title="bbox 218 3020 2072 3232">
     <span class='ocr_line' id='line_1_36' title="bbox 218 3020 2072 3115; baseline -0.003 -14"><span class='ocrx_word' id='word_1_266' title='bbox 218 3052 332 3101; x_wconf 84' lang='lat' dir='ltr'>dias</span> <span class='ocrx_word' id='word_1_267' title='bbox 358 3051 657 3101; x_wconf 77' lang='lat' dir='ltr'>caniculares</span> <span class='ocrx_word' id='word_1_268' title='bbox 684 3051 731 3099; x_wconf 85' lang='lat' dir='ltr'>al</span> <span class='ocrx_word' id='word_1_269' title='bbox 757 3050 856 3099; x_wconf 90' lang='lat' dir='ltr'>hilo</span> <span class='ocrx_word' id='word_1_270' title='bbox 893 3052 970 3101; x_wconf 86' lang='lat' dir='ltr'>del</span> <span class='ocrx_word' id='word_1_271' title='bbox 997 3066 1102 3099; x_wconf 87' lang='lat' dir='ltr'>me·</span> <span class='ocrx_word' id='word_1_272' title='bbox 1218 3054 1239 3087; x_wconf 78' lang='lat'><strong>3</strong></span> <span class='ocrx_word' id='word_1_273' title='bbox 1271 3055 1407 3102; x_wconf 87' lang='lat' dir='ltr'>Nam</span> <span class='ocrx_word' id='word_1_274' title='bbox 1451 3052 1578 3115; x_wconf 80' lang='lat' dir='ltr'>quis.</span> <span class='ocrx_word' id='word_1_275' title='bbox 1625 3050 1689 3099; x_wconf 89' lang='lat' dir='ltr'>Lo</span> <span class='ocrx_word' id='word_1_276' title='bbox 1724 3064 1897 3099; x_wconf 85' lang='lat' dir='ltr'>mismo</span> <span class='ocrx_word' id='word_1_277' title='bbox 1926 3059 2019 3111; x_wconf 81' lang='lat' dir='ltr'>que</span> <span class='ocrx_word' id='word_1_278' title='bbox 2066 3020 2072 3025; x_wconf 30' lang='grc' dir='ltr'>Ι</span> 
     </span>
     <span class='ocr_line' id='line_1_37' title="bbox 219 3112 2035 3181; baseline 0 -20"><span class='ocrx_word' id='word_1_279' title='bbox 219 3112 408 3168; x_wconf 84' lang='lat' dir='ltr'>diodia.</span> <span class='ocrx_word' id='word_1_280' title='bbox 1139 3120 1143 3125; x_wconf 81' lang='grc'><em>“</em></span> <span class='ocrx_word' id='word_1_281' title='bbox 1157 3114 1389 3181; x_wconf 79' lang='lat' dir='ltr'>quisnam</span> <span class='ocrx_word' id='word_1_282' title='bbox 1398 3148 1409 3159; x_wconf 96' lang='lat'>.</span> <span class='ocrx_word' id='word_1_283' title='bbox 1823 3160 1833 3181; x_wconf 75' lang='lat'>;</span> <span class='ocrx_word' id='word_1_284' title='bbox 2030 3162 2035 3168; x_wconf 69' lang='grc'><strong>,</strong></span> 
     </span>
     <span class='ocr_line' id='line_1_38' title="bbox 305 3172 1950 3232; baseline -0.005 -6"><span class='ocrx_word' id='word_1_285' title='bbox 305 3174 331 3209; x_wconf 81' lang='lat'><strong>¹</strong></span> <span class='ocrx_word' id='word_1_286' title='bbox 372 3172 614 3226; x_wconf 77' lang='lat' dir='ltr'>Ardebat.</span> <span class='ocrx_word' id='word_1_287' title='bbox 669 3174 932 3226; x_wconf 79' lang='lat' dir='ltr'>Abrasaba.</span> <span class='ocrx_word' id='word_1_288' title='bbox 986 3174 1097 3225; x_wconf 81' lang='lat' dir='ltr'>Este</span> <span class='ocrx_word' id='word_1_289' title='bbox 1218 3174 1240 3209; x_wconf 58' lang='grc' dir='ltr'><strong>ὅ</strong></span> <span class='ocrx_word' id='word_1_290' title='bbox 1274 3174 1482 3225; x_wconf 79' lang='lat' dir='ltr'>Proteu.</span> <span class='ocrx_word' id='word_1_291' title='bbox 1508 3172 1734 3223; x_wconf 70' lang='lat' dir='ltr'>vocativo</span> <span class='ocrx_word' id='word_1_292' title='bbox 1761 3182 1950 3232; x_wconf 76' lang='lat' dir='ltr'>griego.</span> 
     </span>
    </p>

    <p class='ocr_par' dir='ltr' id='par_1_9' title="bbox 1802 3251 2016 3297">
     <span class='ocr_line' id='line_1_39' title="bbox 1802 3251 2016 3297; baseline -0.005 -39"><span class='ocrx_word' id='word_1_293' title='bbox 1802 3251 1834 3297; x_wconf 76' lang='grc'><strong>8</strong></span> <span class='ocrx_word' id='word_1_294' title='bbox 2012 3253 2016 3257; x_wconf 76' lang='grc'>,</span> 
     </span>
    </p>
   </div>
  </div>
 </body>
</html>
