2334 3625
790 226 995 272 mm.
1040 225 1212 272 Lmen
1250 225 1374 274 vm.
1865 206 2008 270 393‘
2103 273 2112 282 ⁶

182 342 477 424 Evandrus
497 352 514 387 ¹
584 344 757 406 ariter
772 393 788 422 ,
817 342 1027 425 pariter
1055 343 1274 422 trojana
1296 343 1583 422 Juventus.
1867 342 1983 403 545

181 425 319 485 Post
345 422 479 500 hinc
506 363 583 486 ag
603 443 777 486 naves
802 422 1057 501 graditur
1083 422 1388 501 ¹sociosque
1413 421 1610 484 revisit
1645 441 1660 482 ε

159 502 440 574 ‘Quorum
469 503 540 566 de
566 522 807 564 numero
833 550 848 580 ,
882 501 978 582 qui
1003 521 1132 562 sese
1146 499 1218 580 ‘in
1245 498 1389 564 bella
1417 508 1757 580 sequantur,

184 583 525 644 Praestantes
550 582 753 644 virtute
783 580 951 659 legit3
982 599 1112 661 pars
1143 587 1344 641 caetera
1373 583 1552 660 prona

184 659 392 722 Fertur
422 664 587 742 aqua,
619 661 883 741 senisque
910 660 1159 722 secundo
1183 659 1380 720 defluit
1405 660 1588 737 amni,

176 739 390 801 Nuntia
415 749 646 802 ventura
672 741 915 802 Ascanio
943 758 1252 820 rerumque
1276 740 1584 818 patrisque.
1867 737 1986 799 550

183 819 404 880 ‚Dantur
432 819 563 908 equi
592 818 825 882 Teucris
852 821 1118 898 tyrrhena
1145 818 1465 900 petentibus
1485 837 1652 895 arva3

186 897 415 959 Ducunt
441 906 722 960 exsortem
738 905 760 936 ²
788 897 1006 975 AEneae,
1038 916 1210 977 quem
1239 897 1388 958 fulva
1413 898 1594 960 leonis

186 975 359 1038 Pellis
389 977 509 1038 obit
535 984 715 1040 totum
730 1025 745 1054 ,
780 977 1115 1056 praefulgens
1140 975 1426 1052 unguibus
1453 977 1662 1037 aureis,

266 1055 443 1116 Fama
469 1056 617 1118 volat
638 1103 653 1133 ,
685 1075 915 1137 parvam
942 1055 1127 1116 subite
1154 1055 1375 1132 vulgata
1395 1073 1498 1135 per
1521 1054 1748 1129 urbem,

186 1133 361 1197 Ocius
388 1133 533 1196 iresse
572 1135 717 1197 uites
747 1133 999 1213 tyrrheni
1021 1133 1093 1195 ad
1119 1133 1314 1194 limina
1341 1133 1512 1212 regis.
1876 1131 1990 1192 555

188 1213 331 1274 Vota
360 1220 515 1274 metu
583 1213 831 1294 uplicant
858 1222 1097 1290 matreS‚
1127 1213 1473 1294 propiusque
1495 1210 1708 1294 periclo

189 1291 241 1352 It
270 1293 438 1354 timor
455 1341 470 1370 ‚
504 1301 560 1355 et
586 1293 770 1373 major
797 1291 987 1354 Martis
1009 1293 1131 1372 jam
1161 1300 1396 1372 apparet
1421 1293 1627 1370 imago,

190 1371 337 1432 Tum
368 1380 529 1453 pater
554 1371 845 1434 Evandrus
875 1373 1128 1434 dextram
1158 1372 1484 1452 complexus
1510 1369 1695 1434 euntis

190 1449 413 1528 Haeret,
442 1449 818 1531 inexpletum-‘³
845 1452 1157 1531 lacrymans
1179 1499 1194 1524 ‚
1227 1469 1294 1512 ac
1321 1451 1450 1514 talia
1475 1452 1625 1514 fatur
1653 1466 1670 1508 τ

194 1545 237 1590 ‹
273 1529 319 1591 Ο
344 1529 485 1590 mihi
514 1530 831 1609 praeteritos
857 1531 1068 1592 referat
1094 1529 1143 1591 si
1167 1529 1277 1611 Jup
1321 1529 1428 1592 iter
1451 1527 1659 1592 annos!
1875 1525 1993 1588 560

192 1607 385 1679 Qualis
412 1621 569 1669 eram
602 1627 777 1687 quum
806 1609 1053 1688 primum
1083 1609 1264 1670 aciem
1338 1617 1576 1672 raeneste
1603 1607 1710 1672 sub
1728 1606 1854 1688 ipsa

193 1686 413 1763 Stravi,
443 1694 845 1767 scutorumque
873 1687 1101 1748 incendi
1129 1687 1307 1750 victor
1333 1708 1592 1767 acervOS,

191 1767 267 1830 Et
291 1783 484 1844 regem
512 1765 617 1828 hac
648 1765 904 1850 Herilum
933 1766 1127 1830 dextra
1153 1768 1258 1831 suh
1291 1768 1522 1833 Tartara
1545 1767 1678 1831 misi

190 1845 459 1909 Nascenti
486 1846 576 1907 cui
594 1846 717 1908 ‘tres
744 1846 957 1909 animas
983 1846 1224 1911 Feronia
1251 1857 1432 1911 mater
1483 1914 1492 1921 ,
1715 1912 1720 1916 .

232 1925 593 1987 Horrendum
618 1926 772 1988 dictu
788 1926 842 2007 Ξ)
872 1928 1134 2002 dederat;
1157 1935 1321 1991 terna
1347 1948 1508 1991 arma
1529 1926 1830 2003 movenda,
1875 1922 1994 1986 5⁶5

245 2023 310 2065 er
339 2005 489 2065 letho
522 2007 858 2071 sternendus
885 2014 1035 2069 erat:
1071 2006 1161 2067 cui
1190 2015 1322 2071 tunc
1351 2015 1539 2071 tamen
1569 2024 1770 2069 omnes

191 2082 443 2146 Abstulit
468 2083 589 2149 haec
618 2085 834 2147 animas
862 2086 1087 2163 dextra,
1118 2093 1175 2147 et
1203 2086 1440 2149 totidem
1463 2087 1617 2149 exuit
1633 2083 1807 2147 armis
1843 2101 1859 2141 ε

193 2162 325 2224 Non
353 2170 456 2241 ego
483 2183 633 2230 nunc
662 2164 814 2226 dulci
840 2165 1103 2255 amplexu
1130 2163 1430 2229 divellerer
1447 2182 1728 2244 usquam,

194 2241 339 2303 Nate
356 2290 371 2319 ‚
406 2250 534 2321 tu03
564 2262 783 2324 neque,
814 2244 1051 2305 finitlmo
1078 2240 1387 2306 Mezentius
1411 2261 1652 2323 usquam

192 2321 343 2385 Huic
368 2322 837 2402 capiti'insultans
852 2370 867 2398 ,
895 2329 977 2382 tot
997 2322 1149 2381 ferro
1174 2340 1322 2383 saeva
1351 2322 1601 2391 dedisset
1878 2320 1998 2387 57!

194 2399 443 2475 Funera,
476 2408 591 2463 tam
618 2400 809 2462 multis
835 2401 1121 2461 viduasset
1147 2400 1364 2463 civibus
1389 2403 1616 2466 urbem.

194 2478 270 2540 At
294 2498 418 2557 νος,
448 2483 482 2540 ὀ
523 2479 725 2558 Superi
744 2527 761 2557 ‚
792 2487 849 2541 et
874 2478 1065 2541 divum
1096 2484 1153 2540 tu
1181 2481 1424 2545 maxime
1449 2490 1645 2547 rector·

196 2557 461 2639 Juppiter
479 2606 495 2637 ,
525 2557 766 2637 arcadii,
800 2576 989 2638 quaeso
1010 2607 1027 2637 ‚
1058 2558 1408 2623 miserescite
1436 2562 1616 2641 regiS‚

196 2636 269 2699 Et
295 2636 503 2718 patrias
530 2637 719 2706 audite
746 2657 984 2723 preces:
1022 2658 1053 2701 c
1100 2638 1161 2703 Si
1187 2642 1422 2703 numina
1449 2649 1654 2705 vestra·

202 2882 279 2925 tra
294 2874 459 2939 alegre
479 2888 541 2923 en
568 2872 619 2922 la
640 2872 858 2922 humilde
874 2886 986 2923 casa
1010 2874 1071 2925 de
1191 2876 1211 2910 ²
1232 2874 1527 2925 Euandrus.
1541 2874 1638 2924 Por
1656 2874 1909 2925 Evander.

198 2936 442 2999 Evandro,
458 2934 612 2985 dende
628 2934 771 2983 habia
795 2935 899 2993 sido
930 2935 977 2985 el
992 2935 1075 2988 dia
1189 2936 1213 2970 ⁸
1244 2935 1530 2986 Exsortem.
1583 2936 1648 2986 120
1686 2935 1860 2985 mismo
1939 2952 1999 2986 ue

201 3003 339 3049 antes
363 2998 455 3047 hos
488 2998 644 3049 edado
658 3034 675 3060 ,
710 3010 825 3059 para
852 3011 1076 3047 reveren·
1124 2998 1410 3068 cyr-egium,
1437 2996 1700 3069 eximium.
1720 2996 1790 3048 Un
1809 2999 1900 3049 cab
1967 3014 1997 3049 o

202 3058 431 3109 εἰει-5105
483 3060 609 3112 ioses
622 3058 855 3119 tutelares
879 3058 938 3107 de
959 3058 1069 3109 ella.
1124 3059 1348 3108 soberbio
1377 3074 1406 3122 y
1436 3059 1614 3109 buoso·
1781 3114 1784 3121 ,
1855 3089 1862 3095 -
1980 3064 1986 3071 “

200 3148 266 3159 -·
284 3118 449 3171 Parvi
466 3120 701 3185 Ρεηαιεε,
720 3134 806 3170 son
825 3120 897 3170 los
917 3119 1073 3169 delas
1191 3120 1212 3155 θ
1240 3118 1564 3186 Ina-pletum.
1601 3121 1840 3173 Adverbio
1873 3137 1888 3171 z
1920 3136 2002 3171 co-

203 3182 1075 3309 ΐαεαέθρῗέἑὶῧηὶαιζεεζοοιῗοῐὲιξὲεηί
1124 3182 1394 3296 mutim
1439 3182 1546 3234 dieo
1593 3184 1786 3249 mooeplo‘
1789 3188 1894 3234 tum
1947 3186 2002 3233 6η

222 3260 276 3297 os
541 3260 563 3293 r
594 3260 779 3295 vincias
920 3260 935 3295 ι
1027 3279 1039 3292 .
1329 3280 1342 3295 .
