2334 3625
850 206 1054 252 AEmus.
1106 206 1277 251 Lmen
1315 206 1377 251 11.
1409 253 1432 282 ο
1896 189 2012 253 193

1961 297 1972 326 Ι

222 323 319 385 m¹
345 323 549 404 quibus
573 323 877 405 imperium
905 324 1015 385 hoc
1041 332 1298 401 steterat3
1331 322 1658 385 succurritis
1685 323 1816 385 urbi

226 403 473 464 Incensae
502 423 516 463 :
553 403 892 479 moriamur,
926 411 983 464 et
1006 403 1067 464 in
1094 404 1283 464 media
1306 421 1464 464 arma
1489 421 1745 464 ruamus.

225 481 349 544 Una
375 483 523 543 salus
551 483 772 558 victis-²,
803 483 1017 543 nullam
1048 501 1280 562 sperare
1307 483 1566 544 salutem.
1601 501 1632 542 »
1969 512 1976 525 ·

226 561 321 628 Sic
352 560 559 624 animis
580 563 855 641 juvenum
883 562 1041 622 furor
1068 559 1312 624 additus.
1343 559 1510 638 Inde,
1543 562 1660 642 lupi
1689 579 1795 622 ceu
1877 560 2012 620 ,3ῦὲ

224 639 501 721 Raptores
528 643 645 702 atra
672 640 732 700 in
756 640 992 717 nebula,
1024 658 1165 720 quos
1194 641 1454 722 improba
1480 639 1694 702 ventris

224 717 421 798 Exegit
448 738 627 782 caecos
654 719 841 780 rabies
856 726 897 795 ⁸,
930 721 1212 800 catulique
1237 719 1417 781 relicti

226 797 507 860 Faucibus
534 805 859 878 exspectant
881 799 1047 860 siccis
1068 848 1082 877 ,
1114 819 1220 880 per
1248 801 1385 876 tela,
1416 817 1518 879 per
1549 799 1752 860 hostes·
1911 839 1918 848 -

226 874 494 939 Vadimus
520 878 655 938 haut
680 877 910 938 dubiam
936 879 997 938 in
1022 886 1267 940 mortem
1283 926 1298 955 ,
1333 879 1646 957 mediaeque
1675 886 1964 939 tenemuss

230 951 395 1018 Urbis
422 957 551 1018 iter.
581 956 700 1017 Nox
730 963 851 1016 atra
878 961 1009 1017 cava
1028 957 1051 990 ¹·
1078 959 1440 1017 circumvolat
1465 958 1687 1017 umbra.
1903 953 2020 1014 360

306 1034 446 1106 Quis
473 1035 689 1096 cladem
718 1034 870 1094 illius
897 1035 1081 1095 noctis
1098 1082 1113 1111 ,
1146 1035 1272 1113 quis
1302 1036 1497 1096 funera
1526 1036 1690 1095 fando

223 1113 310 1174 Ex
355 1115 513 1188 licet,
548 1121 644 1174 aut
663 1113 839 1192 possit
858 1113 1122 1190 lacrymis
1150 1131 1376 1191 aequare
1406 1114 1672 1173 labores‘.>

226 1133 381 1254 Urbs
409 1190 635 1272 antiqua
661 1191 805 1262 ruit,
837 1193 1043 1253 multos
1060 1192 1366 1253 'dominata
1390 1209 1492 1290 per
1517 1209 1694 1252 annos
1728 1211 1742 1250 :

224 1270 483 1332 Plurima
510 1289 723 1350 perque
748 1270 865 1330 vias
890 1277 1220 1332 sternuntur
1243 1271 1447 1332 inertia
1481 1271 1689 1351 passim

228 1350 533 1431 Corpora⁵,
564 1367 777 1430 perque
802 1349 1117 1426 domasset
1145 1350 1425 1428 relligiosa
1451 1351 1688 1413 deorum
1909 1347 2024 1409 365

230 1429 475 1490 Limina.
506 1428 622 1490 Nec
648 1428 751 1490 soli
781 1447 975 1519 poenas
1005 1430 1141 1490 dant
1164 1430 1433 1506 sanguine
1460 1429 1704 1490 Teucri:

228 1507 524 1579 Quondam
552 1509 720 1568 etiam
748 1508 911 1568 victis
940 1508 1086 1569 redit
1111 1509 1171 1568 in
1200 1508 1513 1589 praecordia
1541 1508 1754 1584 virtus;

226 1586 595 1666 Victoresque
619 1587 825 1648 cadunt
850 1587 1045 1648 Danai.
1080 1587 1335 1649 Crudelis
1359 1587 1574 1678 ubique

227 1666 437 1727 Luctus
455 1713 470 1742 ,
500 1666 712 1745 ubique
738 1683 913 1746 pavor
930 1714 945 1743 ‚
966 1673 1034 1727 ‘et
1062 1666 1306 1746 plurima
1332 1675 1530 1728 mortis
1553 1667 1797 1744 imago&

306 1744 533 1806 Primus
564 1763 625 1806 se
644 1792 659 1821 ,
693 1745 945 1805 Danaum
976 1749 1175 1823 magna
1205 1746 1504 1808 comitante
1533 1750 1773 1821 caterva,
1899 1744 2016 1806 370

227 1824 557 1901 Androgeos
586 1826 745 1886 offert
773 1824 936 1885 nobis
953 1873 968 1902 ,
1002 1826 1153 1887 socia
1183 1827 1401 1903 agmina
1430 1826 1672 1887 credens

230 1903 453 1965 Inscius
472 1951 487 1981 ,
520 1911 695 1983 atque
714 1903 861 1965 ultro
889 1904 1077 1966 verbis
1106 1905 1408 1985 compellat
1441 1904 1674 1965 amicis:

234 2002 267 2043 (ς
296 1982 608 2060 Festinate,
638 1984 771 2061 viri3
805 1987 939 2043 na'm
969 2002 1095 2063 quae
1117 1991 1235 2045 tam
1263 2002 1390 2045 sera
1408 1991 1670 2045 moratur

229 2060 547 2138 Segnities!
578 2062 689 2121 Alii
714 2062 947 2142 rapiunt
972 2063 1204 2124 incensa
1234 2064 1532 2143 feruntque
1707 2108 1710 2117 .
1911 2106 1920 2113 ·

227 2140 503 2217 Pargama
526 2160 540 2200 ε
564 2160 662 2201 vos
684 2141 851 2203 celsis
880 2158 1031 2202 nunc
1062 2142 1308 2221 primum
1330 2145 1362 2203 a
1387 2142 1624 2203 navibus
1647 2140 1776 2200 itis!
1802 2159 1844 2198 -1
1909 2138 2025 2199 375

229 2216 415 2296 Dixit,
448 2227 504 2280 et
530 2220 811 2299 extemplo
840 2221 1051 2302 (neque
1074 2221 1232 2282 enim
1253 2236 1528 2301 responsa
1555 2218 1834 2279 dabantur

1961 672 1968 684 ·
2008 645 2024 732 1

295 2425 313 2459 ¹
348 2420 693 2476 Excessere...
722 2424 812 2473 dii.
840 2425 935 2473 Los
963 2425 1115 2474 idola·
1167 2425 1286 2473 Saco
1329 2423 1390 2472 de
1429 2436 1510 2473 sus
1546 2437 1720 2475 cuevas
1759 2424 1806 2473 la
1843 2425 2035 2475 rabiosa

228 2492 330 2536 tras
346 2488 589 2549 juzgaban
619 2500 715 2549 que
740 2500 821 2533 sus
854 2485 1033 2535 Diones
1061 2502 1113 2536 se
1164 2486 1382 2536 hambre.
1415 2486 1478 2535 Es
1503 2486 1841 2551 comparacion
1858 2486 1920 2535 de
1945 2486 2037 2534 Ho-

229 2548 387 2597 salian
438 2562 501 2597 en
550 2548 731 2596 viendo
780 2548 959 2608 cogida.
1010 2563 1111 2597 una
1164 2562 1317 2598 mero,
1581 2587 1589 2598 .

230 2609 431 2672 cindad,
450 2624 539 2673 por
559 2624 621 2659 no
648 2623 761 2658 caer
780 2623 841 2657 en
866 2622 1037 2659 manos
1049 2610 1109 2659 de
1227 2608 1249 2643 ὅ
1297 2608 1409 2659 Nox
1447 2615 1566 2659 atra
1600 2611 1740 2659 cavd.
1781 2608 1942 2666 lintre,
1965 2607 2036 2655 las

118 2671 127 2679 ’
230 2670 627 2721 losvencedoreS.
642 2673 735 2720 Por
748 2684 831 2719 eso
847 2670 920 2720 los
940 2673 1113 2721 venei·
1164 2672 1382 2721 sombras
1417 2685 1448 2733 y
1481 2669 1733 2723 oscuridad
1767 2668 1827 2717 de
1869 2667 1918 2717 la
1951 2683 2038 2716 no·-

230 2732 1113 2796 dosmassupersticiososprocuraban
1163 2733 1281 2795 che3
1339 2746 1534 2796 porque.
1570 2732 1627 2787 ‚el
1678 2730 1824 2778 humo
1874 2744 1904 2793 y
1927 2729 2036 2778 flos

232 2799 345 2843 ante
378 2795 519 2843 todas
554 2808 689 2843 cosas
720 2793 879 2843 salvar
931 2795 1011 2845 del
1036 2811 1115 2845 sa-
1164 2794 1382 2846 editicios
1420 2793 1707 2857 impedit-ian
1742 2806 1803 2839 en
1835 2790 2037 2839 muchas

218 2868 361 2918 queo
384 2857 415 2904 ά
440 2870 523 2905 sus
551 2856 718 2904 idolos.
1229 2861 1326 2905 rtes
1355 2854 1428 2905 los
1454 2852 1600 2918 ra-yos
1621 2868 1652 2915 y
1679 2852 1872 2903 resse'os
1903 2852 1962 2901 de
1990 2851 2038 2900 la

297 2918 321 2951 ⁸
358 2916 469 2967 Una
495 2916 637 2966 sulus
668 2915 830 2966 victis.
857 2917 919 2967 Es
942 2916 989 2965 lo
1017 2932 1111 2980 que
1184 2932 1298 2980 una,
1348 2932 1443 2979 que.
1498 2920 1634 2963 antes
1670 2912 1746 2963 los
1793 2868 2035 2963 lavorecio

235 2976 345 3028 dice
368 2980 425 3037 Q.
445 2978 647 3030 Cur-cio:
674 2978 712 3027 S
790 2992 815 3027 e
833 2980 1109 3040 desperatio
1165 2994 1282 3041 para
1303 2990 1629 3026 reconocerse.

294 3043 340 3088 ei
366 3045 620 3090 causaest.
647 3039 747 3088 Exh
780 3039 944 3097 nelos,
975 3052 1110 3115 pnes,
1228 3040 1250 3073 ¹⁵
1303 3036 1502 3087 Imrtia
1547 3050 1781 3101 corpora.
1823 3036 2034 3100 Cuerpos

295 3102 514 3151 Avencer
528 3116 591 3149 no
608 3100 855 3150 temiendo
878 3102 1129 3164 nada,oa·
1164 3101 1241 3149 sin
1259 3099 1404 3157 alma,
1436 3097 1713 3149 cadavere&
1763 3159 1774 3170 ·
1860 3158 1872 3169 .

236 3164 391 3213 e'vitar
404 3162 553 3212 conla
566 3168 753 3213 muerte
767 3162 1106 3211 elcautiwrio.
1251 3160 1272 3195 ⁶
1327 3158 1561 3209 Plurima
1622 3165 1798 3210 mortus
1849 3170 2032 3220 maye.

324 3224 346 3259 ¹⁵
410 3224 645 3287 Improba
705 3226 865 3287 exeyit
923 3224 1106 3275 rabies.
1162 3221 1232 3271 No
1285 3234 1336 3270 se
1393 3236 1452 3271 ve
1500 3225 1604 3271 otta
1643 3236 1756 3273 cosa
1803 3224 2036 3269 muertes·
