2334 3625
371 192 451 255 68
943 206 1002 251 r.
1045 204 1288 251 πωπω
1328 204 1587 250 mnoms

369 324 517 387 Tum
541 324 712 387 variae
738 323 971 386 illudant
1000 332 1187 404 pestes
1222 345 1237 385 τ
1270 340 1421 404 saepe
1449 322 1683 400 exiguus
1712 340 1840 384 mus

371 404 487 467 Sub
519 404 684 465 terris
711 404 1010 484 posuitque
1037 404 1237 465 domos
1268 411 1435 481 atque
1462 403 1666 464 horrea
1696 402 1859 479 secit3

373 483 487 544 Aut
515 484 692 543 oculis
721 482 867 562 capti
894 482 1087 543 fodere
1111 482 1317 543 cubilia
1338 482 1533 561 talpae3

365 561 746 639 inventusque
795 561 942 622 cavis
970 561 1136 638 buf03
1171 569 1227 621 et
1254 578 1380 640 quae
1421 561 1662 640 plurima
1688 567 1856 621 terrae

370 638 616 701 Monstra
641 644 850 716 serunt,
883 640 1227 731 populatque
1254 639 1539 716 ingentem
1568 640 1735 701 farris
1762 657 2030 701 acervum
2058 640 2183 701 185

370 717 660 794 Curculio,
695 724 863 797 atque
887 718 1044 799 mopi
1070 725 1329 779 metuens
1354 717 1589 778 formica
1617 726 1881 779 senectae.

451 795 685 859 Contem
730 798 872 857 lator
898 796 1034 858 item
1062 815 1239 876 quum
1264 815 1328 857 se
1355 816 1470 857 nux
1498 797 1743 876 plurima
1761 800 1779 834 ¹
1808 797 1966 859 silvis

367 874 572 937 Induet
599 875 659 935 in
687 817 918 951 florem,
952 883 1008 936 et
1036 894 1228 936 ramos
1257 875 1509 936 curvabit
1537 877 1781 937 olentes:

371 952 435 1015 Si
462 961 728 1033 superant
755 954 928 1031 setuS‚
960 954 1173 1034 pariter
1205 955 1481 1015 frumenta
1511 973 1572 1015 se
1615 961 1845 1033 nentur,

352 1032 680 1111 ,Magnaque
709 1052 841 1094 cum
865 1052 1067 1110 magno
1097 1032 1280 1094 veniet
1303 1032 1503 1094 tritura
1534 1053 1596 1095 ca
1623 1052 1754 1110 ore3
1947 1056 1961 1071 ·
2054 1032 2176 1096 190

371 1111 445 1173 At
471 1112 520 1171 si
547 1112 768 1174 luxuria
794 1112 1057 1173 foliorum
1085 1112 1354 1174 exuberat
1379 1112 1585 1174 umbra
1600 1160 1617 1190 ,

370 1190 457 1252 Ne
497 1192 768 1271 uidquam
801 1190 1034 1281 pingues
1064 1192 1221 1271 palea
1250 1198 1394 1253 teret
1424 1210 1556 1252 area
1584 1190 1826 1251 culmos·

493 1270 678 1331 emina
709 1269 823 1329 vidi
851 1269 1113 1349 equidem
1140 1269 1346 1329 multos
1374 1270 1659 1331 medicare
1692 1274 1952 1330 serentes
1970 1315 1988 1346 ,

367 1349 444 1412 Et
469 1350 617 1409 nitro
647 1349 804 1428 prius
828 1354 885 1409 et
909 1348 1069 1423 nigra
1099 1348 1446 1427 perfundere
1474 1351 1737 1426 amaron,

373 1427 651 1491 Grandior
678 1435 739 1487 ut
763 1427 908 1486 fetus
937 1424 1158 1506 siliquis
1185 1425 1475 1487 fallacibus
1503 1438 1685 1504 esset,
2054 1426 2175 1489 195

370 1506 472 1579 Et,
543 1506 757 1566 uamvis
783 1504 900 1582 igni
928 1504 1150 1583 exiguo,
1182 1514 1481 1585 properata
1510 1507 1826 1567 maderent.

371 1581 503 1646 Vidi
551 1591 673 1645 ecta
699 1581 826 1660 din,
857 1590 912 1645 et
938 1584 1116 1646 multo
1139 1591 1390 1663 spectata
1416 1585 1608 1646 labore
1626 1633 1642 1664 ,

372 1661 729 1739 Degenerare
758 1671 977 1739 tamen,
1006 1662 1067 1723 ni
1092 1662 1175 1723 vis
1203 1664 1487 1724 humana²
1514 1663 1813 1744 quotannis

373 1740 612 1803 Maxima
640 1742 913 1822 quoeque⁸
931 1760 1110 1803 manu
1139 1741 1349 1820 legeret
1380 1762 1394 1804 :
1429 1742 1512 1804 sic
1546 1743 1735 1804 omnia
1762 1742 1887 1803 fatis

372 1819 440 1882 In
467 1822 626 1902 pejus
652 1841 818 1885 ruere
835 1869 851 1898 ,
882 1839 948 1882 ac
973 1823 1128 1882 retro
1151 1821 1418 1902 sublapsa
1446 1822 1669 1884 referri.
2046 1822 2176 1887 200

373 1899 501 1960 Non
528 1900 692 1962 aliter
757 1903 888 1964 uam
921 1900 1018 1980 qui
1045 1901 1282 1961 adverso
1312 1901 1399 1961 vix
1429 1902 1661 1963 flumine
1687 1902 1941 1964 lembum

375 1978 646 2056 Remigiis
675 1998 702 2040 s
783 1979 912 2056 igit,
943 1979 992 2040 si
1019 1978 1248 2040 brachia
1272 1980 1418 2041 forte
1442 1980 1689 2058 remisit,

373 2057 446 2120 At
487 2059 594 2118 ue*
619 2057 779 2119 illum
805 2059 867 2120 in
894 2077 1147 2138 praeceps
1178 2077 1355 2138 prono
1384 2060 1534 2140 rapit
1562 2060 1752 2121 alveus
1779 2060 1955 2122 amni.

501 2136 772 2198 raeterea⁵
799 2146 913 2198 tam
941 2145 1074 2197 sunt
1097 2137 1325 2197 Arcturi
1356 2139 1546 2200 sidera
1572 2138 1736 2216 nobis

373 2215 830 2296 Haedorumque⁸
858 2216 978 2277 dies
1005 2215 1298 2293 servandi,
1328 2224 1385 2278 et
1411 2217 1631 2278 lucidus
1660 2217 1873 2294 Anguis
1887 2218 1933 2298 ⁷,
2048 2218 2181 2280 -205

377 2291 556 2363 Quam
585 2296 790 2374 quibus
817 2295 878 2358 in
908 2293 1144 2376 patriam
1178 2302 1405 2356 ventosa
1434 2315 1537 2375 per
1564 2315 1789 2375 aequora
1820 2295 1994 2358 vectis

375 2368 589 2432 Pontus
616 2382 676 2434 et
705 2374 954 2436 ostriferi
984 2374 1173 2434 fauces
1204 2381 1489 2435 tentantur
1516 2374 1696 2455 Abydi
1708 2378 1752 2436 ⁸.

438 2529 454 2552 ⁴
500 2531 619 2580 Nux
656 2532 899 2596 plurima.
937 2535 1028 2582 Las
1059 2533 1248 2582 ahnen·
1366 2534 1387 2569 θ
1423 2535 1711 2586 Hoedorum.
1738 2535 1830 2584 Dos
1862 2533 2086 2585 esti-ollas
2112 2549 2177 2584 en

377 2589 728 2642 dtas-veasela
745 2600 846 2642 not.
861 2595 919 2642 de
935 2594 984 2642 la
995 2594 1247 2658 Eglogau,
1302 2594 1348 2644 el
1366 2595 1569 2644 hombro
1589 2596 1649 2644 de
1666 2597 1909 2646 Erictonio
1928 2597 1956 2646 ὁ
1977 2595 2060 2646 del
2088 2597 2181 2647 Co-

377 2667 427 2702 v.
456 2656 532 2701 52.
1301 2657 1446 2705 chero
1475 2657 1671 2706 celeste.
2016 2713 2023 2719 ,

436 2715 459 2748 ²
498 2715 584 2765 Vis
621 2715 858 2766 humana.
899 2716 968 2765 La
1011 2715 1249 2764 industria
1363 2718 1619 2768 '¹Lucidus
1636 2721 1836 2780 anquis.
1856 2719 2180 2783 Aquisetrata

375 2773 436 2823 de
460 2774 538 2825 los
563 2776 859 2848 labradores.
1167 2840 1179 2850 ‚
1302 2787 1382 2836 del
1404 2793 1531 2838 astro
1549 2787 1759 2838 llamado
1776 2781 1971 2863 ’Υδρος
1990 2789 2081 2851 Ρόι·
2102 2789 2177 2839 los

439 2835 461 2868 ⁸
504 2839 734 2888 Maoezma
768 2853 987 2902 quoeque.
1025 2838 1081 2888 El
1118 2844 1248 2900 trigo
1301 2853 1520 2918 Griegos,

377 2909 483 2945 mas
509 2900 721 2958 granado
752 2915 867 2963 para
894 2903 943 2950 la
967 2901 1199 2949 siembra.
1366 2918 1390 2952 ε
1422 2918 1607 2982 Abydi,
1650 2919 1705 2969 El
1745 2919 2031 2983 Elesponto,
2080 2919 2177 2984 1105

437 2964 461 2998 ⁴
504 2968 679 3042 Atque·
720 2969 954 3042 Sjsnifica
986 2969 1034 3020 10
1071 2971 1249 3020 mi⁸m0
1304 2981 1522 3030 esti-echo
1541 2980 1601 3029 de
1629 2980 1867 3044 Galipoli,
1928 2996 2010 3030 asa
2036 2987 2177 3032 entre

375 3040 469 3089 (ΝΘ
497 3032 686 3092 mmm,
717 3047 790 3080 8¹1¹
813 3047 1020 3082 recum·
1302 3041 1390 3090 dos
1406 3042 1662 3104 cindades,
1680 3057 1777 3090 una
1799 3057 1859 3091 en
1916 3043 2179 3106 uropalho-

439 3096 462 3131 ⁸
494 3096 765 3149 Proetcrea.
797 3101 864 3149 La
898 3107 1066 3150 cuncta
1110 3108 1247 3164 parte
1304 3103 1449 3152 meda
1465 3103 1651 3165 Sestos,
1720 3108 1827 3151 otra
1842 3118 1903 3152 en
1923 3105 2062 3167 Asia,
2114 3119 2177 3157 ue

375 3153 438 3204 de
477 3163 580 3208 este
625 3159 752 3209 libro
793 3162 934 3211 sobre
971 3162 1018 3212 el
1062 3164 1249 3227 tiempo
1302 3179 1355 3213 se
1383 3164 1533 3214 llama
1565 3164 1655 3212 Abi
1688 3164 1868 3225 0s31as
1898 3165 1985 3215 dos
2006 3181 2059 3216 se
2124 3180 2179 3217 a·

377 3220 546 3282 propio
570 3235 688 3283 para
713 3219 786 3270 las
811 3221 1020 3279 labores.
1304 3252 1415 3286 man
1444 3237 1536 3296 hoy
1563 3225 1634 3278 las
1663 3225 1973 3276 Dardanelas.
