<?xml version="1.0" encoding="UTF-8"?>
<!DOCTYPE html PUBLIC "-//W3C//DTD XHTML 1.0 Transitional//EN"
    "http://www.w3.org/TR/xhtml1/DTD/xhtml1-transitional.dtd">
<html xmlns="http://www.w3.org/1999/xhtml" xml:lang="en" lang="en">
 <head>
  <title>
</title>
<meta http-equiv="Content-Type" content="text/html;charset=utf-8" />
  <meta name='ocr-system' content='tesseract 3.04.00' />
  <meta name='ocr-capabilities' content='ocr_page ocr_carea ocr_par ocr_line ocrx_word'/>
</head>
<body>
  <div class='ocr_page' id='page_1' title='image "./publiivirgiliim08virggoog_0071.png"; bbox 0 0 2334 3625; ppageno 0'>
   <div class='ocr_carea' id='block_1_1' title="bbox 858 96 2053 160">
    <p class='ocr_par' dir='ltr' id='par_1_1' title="bbox 858 96 2053 160">
     <span class='ocr_line' id='line_1_1' title="bbox 858 96 2053 160; baseline 0.003 -3"><span class='ocrx_word' id='word_1_1' title='bbox 858 108 1171 158; x_wconf 67' lang='lat' dir='ltr'><strong>azonem.</strong></span> <span class='ocrx_word' id='word_1_2' title='bbox 1212 110 1387 158; x_wconf 71' lang='lat' dir='ltr'><strong>unm</strong></span> <span class='ocrx_word' id='word_1_3' title='bbox 1404 111 1463 159; x_wconf 73' lang='lat' dir='ltr'><strong>J.</strong></span> <span class='ocrx_word' id='word_1_4' title='bbox 1971 96 2053 160; x_wconf 66' lang='lat'><strong>08</strong></span> 
     </span>
    </p>
   </div>
   <div class='ocr_carea' id='block_1_2' title="bbox 257 228 2053 2368">
    <p class='ocr_par' dir='ltr' id='par_1_2' title="bbox 259 228 1999 399">
     <span class='ocr_line' id='line_1_2' title="bbox 259 228 1654 311; baseline -0.006 -12"><span class='ocrx_word' id='word_1_5' title='bbox 259 230 485 299; x_wconf 77' lang='lat' dir='ltr'><strong>Rursus</strong></span> <span class='ocrx_word' id='word_1_6' title='bbox 507 231 567 293; x_wconf 90' lang='lat' dir='ltr'><strong>in</strong></span> <span class='ocrx_word' id='word_1_7' title='bbox 595 229 889 310; x_wconf 84' lang='lat' dir='ltr'><strong>obliquum</strong></span> <span class='ocrx_word' id='word_1_8' title='bbox 913 248 1078 293; x_wconf 81' lang='lat' dir='ltr'><strong>verso</strong></span> <span class='ocrx_word' id='word_1_9' title='bbox 1104 228 1421 311; x_wconf 81' lang='lat' dir='ltr'>perrumpit</span> <span class='ocrx_word' id='word_1_10' title='bbox 1444 234 1654 306; x_wconf 66' lang='lat' dir='ltr'><strong>aratra,</strong></span> 
     </span>
     <span class='ocr_line' id='line_1_3' title="bbox 259 305 1999 399; baseline -0.006 -22"><span class='ocrx_word' id='word_1_11' title='bbox 259 314 508 377; x_wconf 77' lang='lat' dir='ltr'>Exercet</span> <span class='ocrx_word' id='word_1_12' title='bbox 545 329 617 371; x_wconf 88' lang='lat' dir='ltr'><strong>ue</strong></span> <span class='ocrx_word' id='word_1_13' title='bbox 639 310 904 399; x_wconf 80' lang='lat' dir='ltr'><strong>frequens</strong></span> <span class='ocrx_word' id='word_1_14' title='bbox 929 309 1190 370; x_wconf 86' lang='lat' dir='ltr'><strong>tellurem</strong></span> <span class='ocrx_word' id='word_1_15' title='bbox 1206 357 1221 386; x_wconf 95' lang='lat'>,</span> <span class='ocrx_word' id='word_1_16' title='bbox 1249 317 1424 389; x_wconf 77' lang='lat' dir='ltr'><strong>atque</strong></span> <span class='ocrx_word' id='word_1_17' title='bbox 1436 307 1689 388; x_wconf 79' lang='lat' dir='ltr'><strong>,imperat</strong></span> <span class='ocrx_word' id='word_1_18' title='bbox 1714 305 1886 369; x_wconf 72' lang='lat' dir='ltr'><strong>arvis·</strong></span> <span class='ocrx_word' id='word_1_19' title='bbox 1940 340 1943 345; x_wconf 96' lang='lat'>-</span> <span class='ocrx_word' id='word_1_20' title='bbox 1991 314 1999 321; x_wconf 87' lang='lat'>&#39;</span> 
     </span>
    </p>

    <p class='ocr_par' dir='ltr' id='par_1_3' title="bbox 257 385 2051 707">
     <span class='ocr_line' id='line_1_4' title="bbox 344 385 2051 467; baseline -0.003 -13"><span class='ocrx_word' id='word_1_21' title='bbox 344 389 516 455; x_wconf 85' lang='lat' dir='ltr'><strong>Humi</strong></span> <span class='ocrx_word' id='word_1_22' title='bbox 559 409 590 451; x_wconf 88' lang='lat' dir='ltr'><strong>a</strong></span> <span class='ocrx_word' id='word_1_23' title='bbox 613 386 849 451; x_wconf 76' lang='lat' dir='ltr'><strong>solstitia</strong></span> <span class='ocrx_word' id='word_1_24' title='bbox 864 387 906 464; x_wconf 88' lang='lat'><strong>²,</strong></span> <span class='ocrx_word' id='word_1_25' title='bbox 941 395 1108 467; x_wconf 83' lang='lat' dir='ltr'><strong>atque</strong></span> <span class='ocrx_word' id='word_1_26' title='bbox 1134 388 1355 449; x_wconf 78' lang='lat' dir='ltr'><strong>hiemes</strong></span> <span class='ocrx_word' id='word_1_27' title='bbox 1380 394 1537 449; x_wconf 85' lang='lat' dir='ltr'><strong>orate</strong></span> <span class='ocrx_word' id='word_1_28' title='bbox 1566 404 1827 463; x_wconf 83' lang='lat' dir='ltr'><strong>serenas,</strong></span> <span class='ocrx_word' id='word_1_29' title='bbox 1936 385 2051 449; x_wconf 91' lang='grc'>100</span> 
     </span>
     <span class='ocr_line' id='line_1_5' title="bbox 259 465 1877 550; baseline -0.003 -17"><span class='ocrx_word' id='word_1_30' title='bbox 259 469 577 550; x_wconf 81' lang='lat' dir='ltr'><strong>Agricolae3</strong></span> <span class='ocrx_word' id='word_1_31' title='bbox 611 467 850 530; x_wconf 88' lang='lat' dir='ltr'><strong>hiberno</strong></span> <span class='ocrx_word' id='word_1_32' title='bbox 876 465 1161 535; x_wconf 83' lang='lat' dir='ltr'><strong>laetissima</strong></span> <span class='ocrx_word' id='word_1_33' title='bbox 1226 467 1457 528; x_wconf 83' lang='lat' dir='ltr'><strong>ulvere¹</strong></span> <span class='ocrx_word' id='word_1_34' title='bbox 1482 467 1661 544; x_wconf 80' lang='lat' dir='ltr'><strong>farra,</strong></span> <span class='ocrx_word' id='word_1_35' title='bbox 1872 474 1877 479; x_wconf 87' lang='grc'><em>“</em></span> 
     </span>
     <span class='ocr_line' id='line_1_6' title="bbox 257 545 1590 626; baseline -0.003 -15"><span class='ocrx_word' id='word_1_36' title='bbox 257 550 451 611; x_wconf 84' lang='lat' dir='ltr'><strong>Laetus</strong></span> <span class='ocrx_word' id='word_1_37' title='bbox 475 566 609 625; x_wconf 88' lang='lat' dir='ltr'><strong>ager</strong></span> <span class='ocrx_word' id='word_1_38' title='bbox 639 569 652 608; x_wconf 75' lang='grc' dir='ltr'>ε</span> <span class='ocrx_word' id='word_1_39' title='bbox 685 546 841 608; x_wconf 90' lang='lat' dir='ltr'><strong>nullo</strong></span> <span class='ocrx_word' id='word_1_40' title='bbox 871 546 1084 607; x_wconf 79' lang='lat' dir='ltr'><strong>tantum</strong></span> <span class='ocrx_word' id='word_1_41' title='bbox 1111 564 1175 607; x_wconf 89' lang='lat' dir='ltr'><strong>se</strong></span> <span class='ocrx_word' id='word_1_42' title='bbox 1256 546 1407 626; x_wconf 80' lang='lat' dir='ltr'><strong>ysia⁸</strong></span> <span class='ocrx_word' id='word_1_43' title='bbox 1436 545 1590 607; x_wconf 77' lang='lat' dir='ltr'><strong>cultu</strong></span> 
     </span>
     <span class='ocr_line' id='line_1_7' title="bbox 258 624 1851 707; baseline -0.004 -16"><span class='ocrx_word' id='word_1_44' title='bbox 258 628 474 705; x_wconf 83' lang='lat' dir='ltr'><strong>Jactat,</strong></span> <span class='ocrx_word' id='word_1_45' title='bbox 509 635 565 687; x_wconf 86' lang='lat' dir='ltr'><strong>et</strong></span> <span class='ocrx_word' id='word_1_46' title='bbox 589 628 712 707; x_wconf 85' lang='lat' dir='ltr'><strong>ipsa</strong></span> <span class='ocrx_word' id='word_1_47' title='bbox 738 640 866 685; x_wconf 82' lang='lat' dir='ltr'><strong>suas</strong></span> <span class='ocrx_word' id='word_1_48' title='bbox 895 624 1173 685; x_wconf 82' lang='lat' dir='ltr'><strong>mirantur</strong></span> <span class='ocrx_word' id='word_1_49' title='bbox 1196 624 1479 703; x_wconf 68' lang='lat' dir='ltr'><strong>Gargara*</strong></span> <span class='ocrx_word' id='word_1_50' title='bbox 1506 642 1741 686; x_wconf 62' lang='lat' dir='ltr'><strong>messes„</strong></span> <span class='ocrx_word' id='word_1_51' title='bbox 1844 656 1851 663; x_wconf 91' lang='lat'><strong>·</strong></span> 
     </span>
    </p>

    <p class='ocr_par' dir='ltr' id='par_1_4' title="bbox 257 702 2052 941">
     <span class='ocr_line' id='line_1_8' title="bbox 346 702 1803 783; baseline -0.001 -15"><span class='ocrx_word' id='word_1_52' title='bbox 346 706 496 779; x_wconf 91' lang='lat' dir='ltr'>Quid</span> <span class='ocrx_word' id='word_1_53' title='bbox 523 706 706 768; x_wconf 84' lang='lat' dir='ltr'><strong>dicam</strong></span> <span class='ocrx_word' id='word_1_54' title='bbox 725 709 767 781; x_wconf 79' lang='lat'><strong>⁵,</strong></span> <span class='ocrx_word' id='word_1_55' title='bbox 790 703 946 781; x_wconf 87' lang='lat' dir='ltr'><strong>jacto</strong></span> <span class='ocrx_word' id='word_1_56' title='bbox 975 704 1072 783; x_wconf 91' lang='lat' dir='ltr'><strong>qui</strong></span> <span class='ocrx_word' id='word_1_57' title='bbox 1099 703 1321 765; x_wconf 86' lang='lat' dir='ltr'><strong>semine</strong></span> <span class='ocrx_word' id='word_1_58' title='bbox 1352 702 1643 765; x_wconf 75' lang='lat' dir='ltr'><strong>cominus⁶</strong></span> <span class='ocrx_word' id='word_1_59' title='bbox 1672 722 1803 767; x_wconf 83' lang='lat' dir='ltr'><strong>arva</strong></span> 
     </span>
     <span class='ocr_line' id='line_1_9' title="bbox 258 780 2052 866; baseline -0.002 -19"><span class='ocrx_word' id='word_1_60' title='bbox 258 785 609 866; x_wconf 87' lang='lat' dir='ltr'><strong>Insequitur,</strong></span> <span class='ocrx_word' id='word_1_61' title='bbox 638 783 1004 863; x_wconf 83' lang='lat' dir='ltr'><strong>cumulosque</strong></span> <span class='ocrx_word' id='word_1_62' title='bbox 1027 782 1146 845; x_wconf 89' lang='lat' dir='ltr'><strong>ruit</strong></span> <span class='ocrx_word' id='word_1_63' title='bbox 1170 784 1321 844; x_wconf 74' lang='lat' dir='ltr'><strong>male</strong></span> <span class='ocrx_word' id='word_1_64' title='bbox 1348 780 1571 863; x_wconf 83' lang='lat' dir='ltr'><strong>pinguis</strong></span> <span class='ocrx_word' id='word_1_65' title='bbox 1596 802 1812 859; x_wconf 81' lang='lat' dir='ltr'><strong>arenae3</strong></span> <span class='ocrx_word' id='word_1_66' title='bbox 1940 784 1966 842; x_wconf 81' lang='grc'>1.</span> <span class='ocrx_word' id='word_1_67' title='bbox 1976 783 2052 844; x_wconf 88' lang='grc'><strong>05</strong></span> 
     </span>
     <span class='ocr_line' id='line_1_10' title="bbox 257 861 1832 941; baseline -0.002 -15"><span class='ocrx_word' id='word_1_68' title='bbox 257 864 484 926; x_wconf 80' lang='lat' dir='ltr'>Deinde</span> <span class='ocrx_word' id='word_1_69' title='bbox 511 863 646 925; x_wconf 86' lang='lat' dir='ltr'><strong>satis</strong></span> <span class='ocrx_word' id='word_1_70' title='bbox 663 864 686 899; x_wconf 84' lang='lat'><strong>&#39;¹</strong></span> <span class='ocrx_word' id='word_1_71' title='bbox 714 862 947 924; x_wconf 86' lang='lat' dir='ltr'><strong>fluv-ium</strong></span> <span class='ocrx_word' id='word_1_72' title='bbox 972 861 1189 923; x_wconf 83' lang='lat' dir='ltr'><strong>inducit</strong></span> <span class='ocrx_word' id='word_1_73' title='bbox 1214 862 1479 941; x_wconf 82' lang='lat' dir='ltr'><strong>rivosque</strong></span> <span class='ocrx_word' id='word_1_74' title='bbox 1504 870 1803 941; x_wconf 82' lang='lat' dir='ltr'><strong>sequentes</strong></span> <span class='ocrx_word' id='word_1_75' title='bbox 1817 883 1832 896; x_wconf 92' lang='lat'><strong>·</strong></span> 
     </span>
    </p>

    <p class='ocr_par' dir='ltr' id='par_1_5' title="bbox 258 940 1864 1101">
     <span class='ocr_line' id='line_1_11' title="bbox 259 940 1864 1024; baseline -0.001 -20"><span class='ocrx_word' id='word_1_76' title='bbox 259 942 368 1019; x_wconf 88' lang='lat' dir='ltr'><strong>Et,</strong></span> <span class='ocrx_word' id='word_1_77' title='bbox 401 962 575 1024; x_wconf 90' lang='lat' dir='ltr'><strong>quum</strong></span> <span class='ocrx_word' id='word_1_78' title='bbox 603 948 831 1004; x_wconf 85' lang='lat' dir='ltr'><strong>exustus</strong></span> <span class='ocrx_word' id='word_1_79' title='bbox 858 961 989 1020; x_wconf 86' lang='lat' dir='ltr'><strong>ager</strong></span> <span class='ocrx_word' id='word_1_80' title='bbox 1016 941 1391 1003; x_wconf 84' lang='lat' dir='ltr'><strong>morientibus</strong></span> <span class='ocrx_word' id='word_1_81' title='bbox 1411 944 1613 1001; x_wconf 80' lang='lat' dir='ltr'><strong>aest&#39;uat</strong></span> <span class='ocrx_word' id='word_1_82' title='bbox 1638 940 1831 1005; x_wconf 79' lang='lat' dir='ltr'><strong>herbis</strong></span> <span class='ocrx_word' id='word_1_83' title='bbox 1846 988 1864 1019; x_wconf 85' lang='lat'>,</span> 
     </span>
     <span class='ocr_line' id='line_1_12' title="bbox 258 1019 1474 1101; baseline -0.004 -17"><span class='ocrx_word' id='word_1_84' title='bbox 258 1023 419 1084; x_wconf 89' lang='lat' dir='ltr'><strong>Ecce</strong></span> <span class='ocrx_word' id='word_1_85' title='bbox 440 1022 744 1101; x_wconf 90' lang='lat' dir='ltr'><strong>supercilio</strong></span> <span class='ocrx_word' id='word_1_86' title='bbox 773 1021 966 1082; x_wconf 74' lang='lat' dir='ltr'><strong>clivosi</strong></span> <span class='ocrx_word' id='word_1_87' title='bbox 997 1020 1239 1081; x_wconf 81' lang='lat' dir='ltr'><strong>tramitis</strong></span> <span class='ocrx_word' id='word_1_88' title='bbox 1260 1019 1474 1081; x_wconf 69' lang='lat' dir='ltr'><strong>midam</strong></span> 
     </span>
    </p>

    <p class='ocr_par' dir='ltr' id='par_1_6' title="bbox 259 1098 1705 1179">
     <span class='ocr_line' id='line_1_13' title="bbox 259 1098 1705 1179; baseline -0.003 -18"><span class='ocrx_word' id='word_1_89' title='bbox 259 1101 471 1162; x_wconf 78' lang='lat' dir='ltr'><strong>Elicit?</strong></span> <span class='ocrx_word' id='word_1_90' title='bbox 497 1101 592 1161; x_wconf 88' lang='lat' dir='ltr'><strong>illa</strong></span> <span class='ocrx_word' id='word_1_91' title='bbox 617 1100 825 1164; x_wconf 88' lang='lat' dir='ltr'><strong>cadens</strong></span> <span class='ocrx_word' id='word_1_92' title='bbox 853 1117 1097 1162; x_wconf 87' lang='lat' dir='ltr'><strong>raucum</strong></span> <span class='ocrx_word' id='word_1_93' title='bbox 1127 1118 1230 1179; x_wconf 90' lang='lat' dir='ltr'><strong>per</strong></span> <span class='ocrx_word' id='word_1_94' title='bbox 1255 1098 1414 1159; x_wconf 78' lang='lat' dir='ltr'><strong>laevia</strong></span> <span class='ocrx_word' id='word_1_95' title='bbox 1442 1116 1705 1159; x_wconf 87' lang='lat' dir='ltr'><strong>murmur</strong></span> 
     </span>
    </p>

    <p class='ocr_par' dir='ltr' id='par_1_7' title="bbox 259 1178 2047 1558">
     <span class='ocr_line' id='line_1_14' title="bbox 264 1178 2047 1259; baseline -0.004 -17"><span class='ocrx_word' id='word_1_96' title='bbox 264 1179 410 1242; x_wconf 80' lang='lat' dir='ltr'><strong>Saxa</strong></span> <span class='ocrx_word' id='word_1_97' title='bbox 441 1181 577 1255; x_wconf 88' lang='lat' dir='ltr'><strong>ciet,</strong></span> <span class='ocrx_word' id='word_1_98' title='bbox 609 1178 991 1259; x_wconf 86' lang='lat' dir='ltr'><strong>scatebrisque</strong></span> <span class='ocrx_word' id='word_1_99' title='bbox 1017 1178 1233 1240; x_wconf 84' lang='lat' dir='ltr'><strong>arentia</strong></span> <span class='ocrx_word' id='word_1_100' title='bbox 1260 1184 1535 1257; x_wconf 84' lang='lat' dir='ltr'><strong>tem-perat</strong></span> <span class='ocrx_word' id='word_1_101' title='bbox 1562 1194 1711 1239; x_wconf 77' lang='lat' dir='ltr'><strong>arva.</strong></span> <span class='ocrx_word' id='word_1_102' title='bbox 1941 1180 1969 1235; x_wconf 83' lang='lat'><strong>1</strong></span> <span class='ocrx_word' id='word_1_103' title='bbox 1986 1178 2047 1235; x_wconf 70' lang='lat' dir='ltr'><strong>lc</strong></span> 
     </span>
     <span class='ocr_line' id='line_1_15' title="bbox 267 1255 1839 1338; baseline -0.003 -19"><span class='ocrx_word' id='word_1_104' title='bbox 267 1257 448 1335; x_wconf 87' lang='lat' dir='ltr'><strong>Quid,</strong></span> <span class='ocrx_word' id='word_1_105' title='bbox 478 1259 605 1338; x_wconf 88' lang='lat' dir='ltr'><strong>qui,</strong></span> <span class='ocrx_word' id='word_1_106' title='bbox 639 1276 714 1319; x_wconf 88' lang='lat' dir='ltr'><strong>ne</strong></span> <span class='ocrx_word' id='word_1_107' title='bbox 740 1259 982 1337; x_wconf 78' lang='lat' dir='ltr'><strong>gravidis</strong></span> <span class='ocrx_word' id='word_1_108' title='bbox 1007 1256 1344 1337; x_wconf 85' lang='lat' dir='ltr'><strong>procumbat</strong></span> <span class='ocrx_word' id='word_1_109' title='bbox 1371 1257 1591 1318; x_wconf 86' lang='lat' dir='ltr'><strong>culmus</strong></span> <span class='ocrx_word' id='word_1_110' title='bbox 1619 1255 1839 1332; x_wconf 82' lang='lat' dir='ltr'><strong>aristiS‚</strong></span> 
     </span>
     <span class='ocr_line' id='line_1_16' title="bbox 259 1335 1929 1418; baseline -0.002 -19"><span class='ocrx_word' id='word_1_111' title='bbox 259 1336 572 1399; x_wconf 86' lang='lat' dir='ltr'><strong>Luxuriem</strong></span> <span class='ocrx_word' id='word_1_112' title='bbox 599 1346 849 1415; x_wconf 81' lang='lat' dir='ltr'><strong>segetum</strong></span> <span class='ocrx_word' id='word_1_113' title='bbox 877 1340 1072 1399; x_wconf 67' lang='lat' dir='ltr'><strong>tenera</strong></span> <span class='ocrx_word' id='word_1_114' title='bbox 1101 1336 1356 1418; x_wconf 85' lang='lat' dir='ltr'><strong>depascit</strong></span> <span class='ocrx_word' id='word_1_115' title='bbox 1379 1336 1439 1396; x_wconf 90' lang='lat' dir='ltr'><strong>in</strong></span> <span class='ocrx_word' id='word_1_116' title='bbox 1476 1335 1679 1412; x_wconf 69' lang='lat' dir='ltr'><strong>herba,</strong></span> <span class='ocrx_word' id='word_1_117' title='bbox 1926 1412 1929 1416; x_wconf 19' lang='lat'>¹</span> 
     </span>
     <span class='ocr_line' id='line_1_17' title="bbox 261 1412 1855 1496; baseline -0.003 -17"><span class='ocrx_word' id='word_1_118' title='bbox 261 1415 456 1489; x_wconf 79' lang='lat' dir='ltr'><strong>Quum</strong></span> <span class='ocrx_word' id='word_1_119' title='bbox 482 1417 730 1496; x_wconf 77' lang='lat' dir='ltr'><strong>primum</strong></span> <span class='ocrx_word' id='word_1_120' title='bbox 757 1417 944 1479; x_wconf 89' lang='lat' dir='ltr'><strong>sulcos</strong></span> <span class='ocrx_word' id='word_1_121' title='bbox 969 1425 1193 1496; x_wconf 81' lang='lat' dir='ltr'><strong>aequant</strong></span> <span class='ocrx_word' id='word_1_122' title='bbox 1216 1415 1375 1477; x_wconf 71' lang='lat' dir='ltr'><strong>sata?</strong></span> <span class='ocrx_word' id='word_1_123' title='bbox 1400 1416 1607 1495; x_wconf 83' lang='lat' dir='ltr'><strong>quique</strong></span> <span class='ocrx_word' id='word_1_124' title='bbox 1636 1412 1855 1495; x_wconf 87' lang='lat' dir='ltr'><strong>paludis</strong></span> 
     </span>
     <span class='ocr_line' id='line_1_18' title="bbox 261 1494 1613 1558; baseline -0.004 0"><span class='ocrx_word' id='word_1_125' title='bbox 261 1494 578 1558; x_wconf 83' lang='lat' dir='ltr'><strong>Collectum</strong></span> <span class='ocrx_word' id='word_1_126' title='bbox 604 1495 907 1557; x_wconf 88' lang='lat' dir='ltr'><strong>humorem</strong></span> <span class='ocrx_word' id='word_1_127' title='bbox 933 1495 1124 1558; x_wconf 73' lang='lat' dir='ltr'><strong>bibula</strong></span> <span class='ocrx_word' id='word_1_128' title='bbox 1150 1494 1381 1556; x_wconf 88' lang='lat' dir='ltr'><strong>deducit</strong></span> <span class='ocrx_word' id='word_1_129' title='bbox 1408 1497 1613 1556; x_wconf 74' lang='lat' dir='ltr'><strong>arenat</strong></span> 
     </span>
    </p>

    <p class='ocr_par' dir='ltr' id='par_1_8' title="bbox 258 1571 2051 1730">
     <span class='ocr_line' id='line_1_19' title="bbox 258 1571 2051 1637; baseline -0.003 0"><span class='ocrx_word' id='word_1_130' title='bbox 258 1575 588 1637; x_wconf 83' lang='lat' dir='ltr'><strong>Praesertim</strong></span> <span class='ocrx_word' id='word_1_131' title='bbox 616 1573 842 1635; x_wconf 87' lang='lat' dir='ltr'><strong>incertis</strong></span> <span class='ocrx_word' id='word_1_132' title='bbox 868 1576 918 1637; x_wconf 89' lang='lat' dir='ltr'><strong>si</strong></span> <span class='ocrx_word' id='word_1_133' title='bbox 943 1574 1235 1637; x_wconf 87' lang='lat' dir='ltr'><strong>mensibus</strong></span> <span class='ocrx_word' id='word_1_134' title='bbox 1262 1573 1446 1634; x_wconf 90' lang='lat' dir='ltr'><strong>amnis</strong></span> <span class='ocrx_word' id='word_1_135' title='bbox 1474 1574 1767 1635; x_wconf 81' lang='lat' dir='ltr'><strong>abundans</strong></span> <span class='ocrx_word' id='word_1_136' title='bbox 1935 1571 2051 1633; x_wconf 84' lang='lat'><strong>115</strong></span> 
     </span>
     <span class='ocr_line' id='line_1_20' title="bbox 258 1652 1501 1730; baseline -0.001 -16"><span class='ocrx_word' id='word_1_137' title='bbox 258 1653 424 1730; x_wconf 79' lang='lat' dir='ltr'><strong>Exit,</strong></span> <span class='ocrx_word' id='word_1_138' title='bbox 458 1661 512 1714; x_wconf 90' lang='lat' dir='ltr'><strong>et</strong></span> <span class='ocrx_word' id='word_1_139' title='bbox 541 1654 782 1715; x_wconf 88' lang='lat' dir='ltr'><strong>obducto</strong></span> <span class='ocrx_word' id='word_1_140' title='bbox 808 1654 918 1715; x_wconf 72' lang='lat' dir='ltr'><strong>late</strong></span> <span class='ocrx_word' id='word_1_141' title='bbox 945 1661 1100 1715; x_wconf 87' lang='lat' dir='ltr'><strong>tenet</strong></span> <span class='ocrx_word' id='word_1_142' title='bbox 1126 1652 1315 1714; x_wconf 87' lang='lat' dir='ltr'><strong>omnia</strong></span> <span class='ocrx_word' id='word_1_143' title='bbox 1344 1652 1501 1729; x_wconf 83' lang='lat' dir='ltr'><strong>lime,</strong></span> 
     </span>
    </p>

    <p class='ocr_par' dir='ltr' id='par_1_9' title="bbox 259 1730 1978 1813">
     <span class='ocr_line' id='line_1_21' title="bbox 259 1730 1978 1813; baseline -0.003 -18"><span class='ocrx_word' id='word_1_144' title='bbox 259 1730 432 1795; x_wconf 88' lang='lat' dir='ltr'><strong>Unde</strong></span> <span class='ocrx_word' id='word_1_145' title='bbox 463 1750 609 1793; x_wconf 80' lang='lat' dir='ltr'><strong>cavae</strong></span> <span class='ocrx_word' id='word_1_146' title='bbox 636 1733 828 1813; x_wconf 85' lang='lat' dir='ltr'><strong>tepido</strong></span> <span class='ocrx_word' id='word_1_147' title='bbox 856 1734 1060 1794; x_wconf 88' lang='lat' dir='ltr'><strong>sudant</strong></span> <span class='ocrx_word' id='word_1_148' title='bbox 1085 1732 1329 1793; x_wconf 88' lang='lat' dir='ltr'><strong>humore</strong></span> <span class='ocrx_word' id='word_1_149' title='bbox 1356 1732 1615 1793; x_wconf 78' lang='lat' dir='ltr'><strong>lacunae‘?</strong></span> <span class='ocrx_word' id='word_1_150' title='bbox 1972 1783 1978 1789; x_wconf 94' lang='grc'><em>,</em></span> 
     </span>
    </p>

    <p class='ocr_par' dir='ltr' id='par_1_10' title="bbox 260 1810 2053 2285">
     <span class='ocr_line' id='line_1_22' title="bbox 329 1810 2051 1892; baseline 0 -20"><span class='ocrx_word' id='word_1_151' title='bbox 329 1810 380 1872; x_wconf 90' lang='lat' dir='ltr'>N</span> <span class='ocrx_word' id='word_1_152' title='bbox 383 1829 450 1872; x_wconf 83' lang='lat' dir='ltr'><strong>ec</strong></span> <span class='ocrx_word' id='word_1_153' title='bbox 459 1818 664 1889; x_wconf 87' lang='lat' dir='ltr'><strong>tamen,</strong></span> <span class='ocrx_word' id='word_1_154' title='bbox 678 1813 802 1874; x_wconf 82' lang='lat' dir='ltr'><strong>haec</strong></span> <span class='ocrx_word' id='word_1_155' title='bbox 811 1832 985 1892; x_wconf 89' lang='lat' dir='ltr'><strong>quum</strong></span> <span class='ocrx_word' id='word_1_156' title='bbox 997 1813 1525 1892; x_wconf 88' lang='lat' dir='ltr'><strong>sinthominumque</strong></span> <span class='ocrx_word' id='word_1_157' title='bbox 1534 1811 1819 1891; x_wconf 88' lang='lat' dir='ltr'><strong>boumque</strong></span> <span class='ocrx_word' id='word_1_158' title='bbox 1827 1810 2051 1873; x_wconf 87' lang='lat' dir='ltr'><strong>labores</strong></span> 
     </span>
     <span class='ocr_line' id='line_1_23' title="bbox 260 1890 1783 1972; baseline -0.001 -20"><span class='ocrx_word' id='word_1_159' title='bbox 260 1890 557 1952; x_wconf 77' lang='lat' dir='ltr'><strong>versando</strong></span> <span class='ocrx_word' id='word_1_160' title='bbox 586 1898 796 1953; x_wconf 87' lang='lat' dir='ltr'><strong>terram</strong></span> <span class='ocrx_word' id='word_1_161' title='bbox 821 1892 1068 1972; x_wconf 86' lang='lat' dir='ltr'><strong>experti,</strong></span> <span class='ocrx_word' id='word_1_162' title='bbox 1098 1891 1242 1952; x_wconf 87' lang='lat' dir='ltr'><strong>nihil</strong></span> <span class='ocrx_word' id='word_1_163' title='bbox 1273 1890 1567 1971; x_wconf 87' lang='lat' dir='ltr'><strong>improbus</strong></span> <span class='ocrx_word' id='word_1_164' title='bbox 1596 1905 1783 1969; x_wconf 85' lang='lat' dir='ltr'><strong>anser,</strong></span> 
     </span>
     <span class='ocr_line' id='line_1_24' title="bbox 265 1968 2053 2050; baseline -0.001 -18"><span class='ocrx_word' id='word_1_165' title='bbox 265 1969 750 2050; x_wconf 77' lang='lat' dir='ltr'><strong>Strymoniaeque⁸</strong></span> <span class='ocrx_word' id='word_1_166' title='bbox 775 1991 972 2050; x_wconf 55' lang='grc' dir='ltr'>ἔωθε,</span> <span class='ocrx_word' id='word_1_167' title='bbox 1003 1978 1060 2034; x_wconf 87' lang='lat' dir='ltr'><strong>et</strong></span> <span class='ocrx_word' id='word_1_168' title='bbox 1084 1970 1291 2037; x_wconf 86' lang='lat' dir='ltr'><strong>amaris</strong></span> <span class='ocrx_word' id='word_1_169' title='bbox 1317 1970 1511 2032; x_wconf 88' lang='lat' dir='ltr'><strong>intuba</strong></span> <span class='ocrx_word' id='word_1_170' title='bbox 1538 1970 1697 2032; x_wconf 88' lang='lat' dir='ltr'><strong>fibris</strong></span> <span class='ocrx_word' id='word_1_171' title='bbox 1935 1968 2053 2030; x_wconf 75' lang='grc'>120</span> 
     </span>
     <span class='ocr_line' id='line_1_25' title="bbox 265 2047 1759 2130; baseline 0 -20"><span class='ocrx_word' id='word_1_172' title='bbox 265 2047 538 2110; x_wconf 86' lang='lat' dir='ltr'><strong>Officiunt</strong></span> <span class='ocrx_word' id='word_1_173' title='bbox 553 2097 567 2125; x_wconf 94' lang='lat'>‚</span> <span class='ocrx_word' id='word_1_174' title='bbox 599 2057 693 2111; x_wconf 89' lang='lat' dir='ltr'><strong>aut</strong></span> <span class='ocrx_word' id='word_1_175' title='bbox 717 2050 920 2112; x_wconf 88' lang='lat' dir='ltr'><strong>umbra</strong></span> <span class='ocrx_word' id='word_1_176' title='bbox 945 2057 1133 2112; x_wconf 89' lang='lat' dir='ltr'><strong>nocet.</strong></span> <span class='ocrx_word' id='word_1_177' title='bbox 1163 2049 1333 2111; x_wconf 87' lang='lat' dir='ltr'><strong>Pater</strong></span> <span class='ocrx_word' id='word_1_178' title='bbox 1356 2050 1480 2130; x_wconf 88' lang='lat' dir='ltr'><strong>ipse</strong></span> <span class='ocrx_word' id='word_1_179' title='bbox 1504 2049 1759 2112; x_wconf 62' lang='lat' dir='ltr'><strong>colendi⁹0</strong></span> 
     </span>
     <span class='ocr_line' id='line_1_26' title="bbox 265 2126 1935 2210; baseline -0.001 -23"><span class='ocrx_word' id='word_1_180' title='bbox 265 2126 434 2188; x_wconf 84' lang='lat' dir='ltr'><strong>Haud</strong></span> <span class='ocrx_word' id='word_1_181' title='bbox 461 2128 682 2189; x_wconf 81' lang='lat' dir='ltr'><strong>facilem</strong></span> <span class='ocrx_word' id='word_1_182' title='bbox 707 2147 834 2190; x_wconf 86' lang='lat' dir='ltr'><strong>esse</strong></span> <span class='ocrx_word' id='word_1_183' title='bbox 858 2128 1006 2190; x_wconf 87' lang='lat' dir='ltr'><strong>viam</strong></span> <span class='ocrx_word' id='word_1_184' title='bbox 1028 2128 1231 2205; x_wconf 86' lang='lat' dir='ltr'><strong>voluit,</strong></span> <span class='ocrx_word' id='word_1_185' title='bbox 1271 2129 1600 2210; x_wconf 89' lang='lat' dir='ltr'><strong>primusque</strong></span> <span class='ocrx_word' id='word_1_186' title='bbox 1629 2147 1728 2209; x_wconf 87' lang='lat' dir='ltr'><strong>per</strong></span> <span class='ocrx_word' id='word_1_187' title='bbox 1754 2134 1935 2188; x_wconf 85' lang='lat' dir='ltr'><strong>artem</strong></span> 
     </span>
     <span class='ocr_line' id='line_1_27' title="bbox 264 2205 1579 2285; baseline 0 -17"><span class='ocrx_word' id='word_1_188' title='bbox 264 2205 441 2268; x_wconf 78' lang='lat' dir='ltr'><strong>Movit</strong></span> <span class='ocrx_word' id='word_1_189' title='bbox 462 2224 624 2282; x_wconf 84' lang='lat' dir='ltr'><strong>agros</strong></span> <span class='ocrx_word' id='word_1_190' title='bbox 639 2256 654 2285; x_wconf 95' lang='lat'>,</span> <span class='ocrx_word' id='word_1_191' title='bbox 685 2207 833 2268; x_wconf 85' lang='lat' dir='ltr'><strong>curis</strong></span> <span class='ocrx_word' id='word_1_192' title='bbox 860 2227 1064 2269; x_wconf 87' lang='lat' dir='ltr'><strong>acuens</strong></span> <span class='ocrx_word' id='word_1_193' title='bbox 1090 2207 1349 2270; x_wconf 84' lang='lat' dir='ltr'><strong>mortalia</strong></span> <span class='ocrx_word' id='word_1_194' title='bbox 1376 2208 1544 2268; x_wconf 87' lang='lat' dir='ltr'><strong>corda</strong></span> <span class='ocrx_word' id='word_1_195' title='bbox 1563 2254 1579 2283; x_wconf 93' lang='lat'>,</span> 
     </span>
    </p>

    <p class='ocr_par' dir='ltr' id='par_1_11' title="bbox 265 2283 1649 2368">
     <span class='ocr_line' id='line_1_28' title="bbox 265 2283 1649 2368; baseline -0.003 -20"><span class='ocrx_word' id='word_1_196' title='bbox 265 2283 387 2348; x_wconf 79' lang='lat' dir='ltr'><strong>Nec</strong></span> <span class='ocrx_word' id='word_1_197' title='bbox 415 2292 638 2365; x_wconf 81' lang='lat' dir='ltr'><strong>torpere</strong></span> <span class='ocrx_word' id='word_1_198' title='bbox 665 2287 817 2364; x_wconf 84' lang='lat' dir='ltr'><strong>gravi</strong></span> <span class='ocrx_word' id='word_1_199' title='bbox 843 2305 1042 2368; x_wconf 87' lang='lat' dir='ltr'><strong>passus</strong></span> <span class='ocrx_word' id='word_1_200' title='bbox 1071 2306 1176 2348; x_wconf 91' lang='lat' dir='ltr'><strong>sua</strong></span> <span class='ocrx_word' id='word_1_201' title='bbox 1202 2305 1375 2362; x_wconf 84' lang='lat' dir='ltr'><strong>regna</strong></span> <span class='ocrx_word' id='word_1_202' title='bbox 1401 2292 1649 2346; x_wconf 79' lang='lat' dir='ltr'><strong>veterno.</strong></span> 
     </span>
    </p>
   </div>
   <div class='ocr_carea' id='block_1_3' title="bbox 257 2466 2055 3086">
    <p class='ocr_par' dir='ltr' id='par_1_12' title="bbox 257 2466 2055 3086">
     <span class='ocr_line' id='line_1_29' title="bbox 329 2466 1884 2534; baseline 0.003 -18"><span class='ocrx_word' id='word_1_203' title='bbox 329 2467 352 2502; x_wconf 78' lang='lat'><em>²</em></span> <span class='ocrx_word' id='word_1_204' title='bbox 385 2466 734 2518; x_wconf 78' lang='lat' dir='ltr'><strong>Solstitia.Los</strong></span> <span class='ocrx_word' id='word_1_205' title='bbox 750 2469 1130 2519; x_wconf 73' lang='lat' dir='ltr'><strong>veranOS.Vease</strong></span> <span class='ocrx_word' id='word_1_206' title='bbox 1179 2468 1324 2530; x_wconf 78' lang='lat' dir='ltr'><strong>luogo</strong></span> <span class='ocrx_word' id='word_1_207' title='bbox 1343 2504 1358 2530; x_wconf 91' lang='lat'>,</span> <span class='ocrx_word' id='word_1_208' title='bbox 1388 2467 1463 2515; x_wconf 86' lang='lat' dir='ltr'><strong>sin</strong></span> <span class='ocrx_word' id='word_1_209' title='bbox 1491 2468 1663 2533; x_wconf 89' lang='lat' dir='ltr'><strong>perder</strong></span> <span class='ocrx_word' id='word_1_210' title='bbox 1683 2475 1884 2534; x_wconf 83' lang='lat' dir='ltr'><strong>tiempo.</strong></span> 
     </span>
     <span class='ocr_line' id='line_1_30' title="bbox 267 2528 2047 2592; baseline 0.001 -14"><span class='ocrx_word' id='word_1_211' title='bbox 267 2529 317 2578; x_wconf 83' lang='lat' dir='ltr'><strong>la</strong></span> <span class='ocrx_word' id='word_1_212' title='bbox 343 2535 446 2578; x_wconf 89' lang='lat' dir='ltr'><strong>not.</strong></span> <span class='ocrx_word' id='word_1_213' title='bbox 472 2529 532 2578; x_wconf 88' lang='lat' dir='ltr'><strong>de</strong></span> <span class='ocrx_word' id='word_1_214' title='bbox 559 2528 606 2578; x_wconf 82' lang='lat' dir='ltr'><strong>la</strong></span> <span class='ocrx_word' id='word_1_215' title='bbox 631 2531 816 2592; x_wconf 78' lang='lat' dir='ltr'><strong>Egloga</strong></span> <span class='ocrx_word' id='word_1_216' title='bbox 840 2543 910 2581; x_wconf 84' lang='lat' dir='ltr'><strong>vn</strong></span> <span class='ocrx_word' id='word_1_217' title='bbox 927 2567 944 2592; x_wconf 87' lang='lat'><em>,</em></span> <span class='ocrx_word' id='word_1_218' title='bbox 969 2547 1018 2580; x_wconf 76' lang='lat' dir='ltr'><strong>v.</strong></span> <span class='ocrx_word' id='word_1_219' title='bbox 1051 2533 1128 2579; x_wconf 74' lang='lat'><strong>47.</strong></span> <span class='ocrx_word' id='word_1_220' title='bbox 1242 2531 1266 2564; x_wconf 82' lang='lat'><strong>&#39;¹</strong></span> <span class='ocrx_word' id='word_1_221' title='bbox 1299 2529 1485 2578; x_wconf 77' lang='lat' dir='ltr'><strong>Deinde</strong></span> <span class='ocrx_word' id='word_1_222' title='bbox 1520 2532 1665 2581; x_wconf 56' lang='lat' dir='ltr'><strong>sati&amp;</strong></span> <span class='ocrx_word' id='word_1_223' title='bbox 1696 2535 1841 2582; x_wconf 90' lang='lat' dir='ltr'>Como</span> <span class='ocrx_word' id='word_1_224' title='bbox 1878 2536 1929 2580; x_wconf 74' lang='lat' dir='ltr'><strong>s‘e</strong></span> <span class='ocrx_word' id='word_1_225' title='bbox 1966 2532 2047 2579; x_wconf 72' lang='lat' dir='ltr'><strong>de«</strong></span> 
     </span>
     <span class='ocr_line' id='line_1_31' title="bbox 296 2590 2051 2662; baseline -0.001 -22"><span class='ocrx_word' id='word_1_226' title='bbox 296 2652 309 2662; x_wconf 35' lang='lat'><strong>⁹</strong></span> <span class='ocrx_word' id='word_1_227' title='bbox 328 2591 354 2624; x_wconf 79' lang='lat'>²</span> <span class='ocrx_word' id='word_1_228' title='bbox 379 2590 602 2640; x_wconf 77' lang='lat' dir='ltr'><strong>Hiber-no</strong></span> <span class='ocrx_word' id='word_1_229' title='bbox 631 2593 848 2658; x_wconf 75' lang='lat' dir='ltr'><strong>pulvere.</strong></span> <span class='ocrx_word' id='word_1_230' title='bbox 875 2592 946 2641; x_wconf 92' lang='lat' dir='ltr'><strong>En</strong></span> <span class='ocrx_word' id='word_1_231' title='bbox 974 2591 1021 2642; x_wconf 86' lang='lat' dir='ltr'><strong>el</strong></span> <span class='ocrx_word' id='word_1_232' title='bbox 1052 2593 1130 2640; x_wconf 90' lang='lat' dir='ltr'><strong>in·</strong></span> <span class='ocrx_word' id='word_1_233' title='bbox 1180 2590 1275 2640; x_wconf 88' lang='lat' dir='ltr'><strong>ben</strong></span> <span class='ocrx_word' id='word_1_234' title='bbox 1316 2606 1455 2652; x_wconf 78' lang='lat' dir='ltr'><strong>regar</strong></span> <span class='ocrx_word' id='word_1_235' title='bbox 1486 2592 1555 2642; x_wconf 79' lang='lat' dir='ltr'><strong>las</strong></span> <span class='ocrx_word' id='word_1_236' title='bbox 1580 2594 1753 2645; x_wconf 71' lang='lat' dir='ltr'><strong>tierras</strong></span> <span class='ocrx_word' id='word_1_237' title='bbox 1774 2592 2051 2642; x_wconf 80' lang='lat' dir='ltr'><strong>sembradas</strong></span> 
     </span>
     <span class='ocr_line' id='line_1_32' title="bbox 257 2655 1885 2716; baseline 0 -14"><span class='ocrx_word' id='word_1_238' title='bbox 257 2666 437 2702; x_wconf 73' lang='lat' dir='ltr'><strong>‘uerno</strong></span> <span class='ocrx_word' id='word_1_239' title='bbox 465 2667 593 2701; x_wconf 85' lang='lat' dir='ltr'><strong>seco.</strong></span> <span class='ocrx_word' id='word_1_240' title='bbox 1181 2655 1222 2700; x_wconf 88' lang='lat' dir='ltr'><strong>si</strong></span> <span class='ocrx_word' id='word_1_241' title='bbox 1253 2667 1339 2701; x_wconf 88' lang='lat' dir='ltr'><strong>son</strong></span> <span class='ocrx_word' id='word_1_242' title='bbox 1366 2667 1479 2716; x_wconf 74' lang='lat' dir='ltr'><strong>muy</strong></span> <span class='ocrx_word' id='word_1_243' title='bbox 1508 2669 1639 2703; x_wconf 83' lang='lat' dir='ltr'><strong>secas</strong></span> <span class='ocrx_word' id='word_1_244' title='bbox 1724 2655 1885 2703; x_wconf 82' lang='lat' dir='ltr'><strong>duras.</strong></span> 
     </span>
     <span class='ocr_line' id='line_1_33' title="bbox 327 2713 2050 2775; baseline 0.001 -11"><span class='ocrx_word' id='word_1_245' title='bbox 327 2713 353 2747; x_wconf 80' lang='lat'>⁸</span> <span class='ocrx_word' id='word_1_246' title='bbox 392 2713 576 2774; x_wconf 76' lang='lat' dir='ltr'><strong>Mysia.</strong></span> <span class='ocrx_word' id='word_1_247' title='bbox 605 2713 860 2762; x_wconf 83' lang='lat' dir='ltr'><strong>Provincia</strong></span> <span class='ocrx_word' id='word_1_248' title='bbox 886 2713 1022 2764; x_wconf 72' lang='lat' dir='ltr'><strong>fet-til</strong></span> <span class='ocrx_word' id='word_1_249' title='bbox 1051 2713 1130 2764; x_wconf 87' lang='lat' dir='ltr'><strong>del</strong></span> <span class='ocrx_word' id='word_1_250' title='bbox 1242 2715 1266 2749; x_wconf 81' lang='lat'><strong>⁸</strong></span> <span class='ocrx_word' id='word_1_251' title='bbox 1297 2715 1612 2775; x_wconf 69' lang='lat' dir='ltr'><strong>Strymonia.</strong></span> <span class='ocrx_word' id='word_1_252' title='bbox 1640 2719 1677 2765; x_wconf 94' lang='lat' dir='ltr'>L</span> <span class='ocrx_word' id='word_1_253' title='bbox 1697 2726 1807 2764; x_wconf 78' lang='lat' dir='ltr'><strong>ama</strong></span> <span class='ocrx_word' id='word_1_254' title='bbox 1829 2717 1899 2764; x_wconf 79' lang='lat' dir='ltr'><strong>asi</strong></span> <span class='ocrx_word' id='word_1_255' title='bbox 1926 2714 1955 2762; x_wconf 73' lang='grc'><strong>6,</strong></span> <span class='ocrx_word' id='word_1_256' title='bbox 1980 2715 2050 2766; x_wconf 79' lang='lat' dir='ltr'><strong>las</strong></span> 
     </span>
     <span class='ocr_line' id='line_1_34' title="bbox 261 2774 2052 2838; baseline 0 -14"><span class='ocrx_word' id='word_1_257' title='bbox 261 2775 575 2838; x_wconf 49' lang='lat' dir='ltr'><strong>Astauenoss</strong></span> <span class='ocrx_word' id='word_1_258' title='bbox 593 2774 750 2822; x_wconf 91' lang='lat' dir='ltr'><strong>donde</strong></span> <span class='ocrx_word' id='word_1_259' title='bbox 775 2775 819 2823; x_wconf 86' lang='lat' dir='ltr'><strong>el</strong></span> <span class='ocrx_word' id='word_1_260' title='bbox 835 2775 1055 2824; x_wconf 80' lang='lat' dir='ltr'><strong>invierno</strong></span> <span class='ocrx_word' id='word_1_261' title='bbox 1079 2791 1130 2824; x_wconf 85' lang='lat' dir='ltr'><strong>es</strong></span> <span class='ocrx_word' id='word_1_262' title='bbox 1179 2774 1379 2836; x_wconf 72' lang='lat' dir='ltr'><strong>grullaS,</strong></span> <span class='ocrx_word' id='word_1_263' title='bbox 1409 2789 1591 2838; x_wconf 87' lang='lat' dir='ltr'><strong>porque</strong></span> <span class='ocrx_word' id='word_1_264' title='bbox 1608 2777 1777 2825; x_wconf 86' lang='lat' dir='ltr'><strong>suelen</strong></span> <span class='ocrx_word' id='word_1_265' title='bbox 1805 2779 2052 2826; x_wconf 83' lang='lat' dir='ltr'><strong>concurrit</strong></span> 
     </span>
     <span class='ocr_line' id='line_1_35' title="bbox 261 2835 2053 2900; baseline 0.001 -14"><span class='ocrx_word' id='word_1_266' title='bbox 261 2835 510 2900; x_wconf 80' lang='lat' dir='ltr'><strong>templado</strong></span> <span class='ocrx_word' id='word_1_267' title='bbox 532 2851 619 2899; x_wconf 86' lang='lat' dir='ltr'><strong>por</strong></span> <span class='ocrx_word' id='word_1_268' title='bbox 637 2835 709 2884; x_wconf 88' lang='lat' dir='ltr'><strong>los</strong></span> <span class='ocrx_word' id='word_1_269' title='bbox 727 2835 830 2884; x_wconf 81' lang='lat' dir='ltr'><strong>dias</strong></span> <span class='ocrx_word' id='word_1_270' title='bbox 847 2851 1041 2885; x_wconf 83' lang='lat' dir='ltr'><strong>serenos</strong></span> <span class='ocrx_word' id='word_1_271' title='bbox 1056 2874 1072 2900; x_wconf 92' lang='lat'>‚</span> <span class='ocrx_word' id='word_1_272' title='bbox 1098 2851 1129 2900; x_wconf 83' lang='lat' dir='ltr'>y</span> <span class='ocrx_word' id='word_1_273' title='bbox 1180 2851 1241 2884; x_wconf 84' lang='lat' dir='ltr'><strong>en</strong></span> <span class='ocrx_word' id='word_1_274' title='bbox 1268 2851 1387 2896; x_wconf 81' lang='lat' dir='ltr'><strong>gran</strong></span> <span class='ocrx_word' id='word_1_275' title='bbox 1414 2837 1617 2885; x_wconf 73' lang='lat' dir='ltr'><strong>numero</strong></span> <span class='ocrx_word' id='word_1_276' title='bbox 1640 2838 1669 2886; x_wconf 70' lang='grc' dir='ltr'><strong>ὁ.</strong></span> <span class='ocrx_word' id='word_1_277' title='bbox 1694 2837 1763 2886; x_wconf 83' lang='lat' dir='ltr'><strong>las</strong></span> <span class='ocrx_word' id='word_1_278' title='bbox 1789 2838 1953 2887; x_wconf 70' lang='lat' dir='ltr'><strong>ovillas</strong></span> <span class='ocrx_word' id='word_1_279' title='bbox 1970 2838 2053 2890; x_wconf 83' lang='lat' dir='ltr'><strong>del</strong></span> 
     </span>
     <span class='ocr_line' id='line_1_36' title="bbox 257 2897 2052 2963; baseline 0.001 -16"><span class='ocrx_word' id='word_1_280' title='bbox 257 2898 310 2948; x_wconf 77' lang='lat' dir='ltr'><strong>el</strong></span> <span class='ocrx_word' id='word_1_281' title='bbox 335 2910 518 2946; x_wconf 77' lang='lat' dir='ltr'><strong>verano</strong></span> <span class='ocrx_word' id='word_1_282' title='bbox 545 2899 701 2946; x_wconf 78' lang='lat' dir='ltr'><strong>fresco</strong></span> <span class='ocrx_word' id='word_1_283' title='bbox 730 2911 817 2959; x_wconf 87' lang='lat' dir='ltr'><strong>por</strong></span> <span class='ocrx_word' id='word_1_284' title='bbox 841 2897 909 2944; x_wconf 85' lang='lat' dir='ltr'><strong>las</strong></span> <span class='ocrx_word' id='word_1_285' title='bbox 936 2897 1126 2946; x_wconf 79' lang='lat' dir='ltr'><strong>lluvias.</strong></span> <span class='ocrx_word' id='word_1_286' title='bbox 1178 2898 1421 2960; x_wconf 85' lang='lat' dir='ltr'><strong>Strimon,</strong></span> <span class='ocrx_word' id='word_1_287' title='bbox 1457 2898 1530 2946; x_wconf 83' lang='lat' dir='ltr'><strong>rio</strong></span> <span class='ocrx_word' id='word_1_288' title='bbox 1562 2897 1621 2946; x_wconf 86' lang='lat' dir='ltr'><strong>de</strong></span> <span class='ocrx_word' id='word_1_289' title='bbox 1655 2897 1956 2963; x_wconf 70' lang='lat' dir='ltr'><strong>Macedonia,</strong></span> <span class='ocrx_word' id='word_1_290' title='bbox 1992 2915 2052 2949; x_wconf 87' lang='lat' dir='ltr'><strong>en</strong></span> 
     </span>
     <span class='ocr_line' id='line_1_37' title="bbox 326 2956 1925 3030; baseline 0.001 -22"><span class='ocrx_word' id='word_1_291' title='bbox 326 2957 350 2991; x_wconf 82' lang='lat'><strong>&#39;⁰</strong></span> <span class='ocrx_word' id='word_1_292' title='bbox 367 2956 1128 3030; x_wconf 61' lang='lat' dir='ltr'><strong>GaranoePaz-tedelmontelda.</strong></span> <span class='ocrx_word' id='word_1_293' title='bbox 1178 2959 1251 3008; x_wconf 81' lang='lat' dir='ltr'><strong>los</strong></span> <span class='ocrx_word' id='word_1_294' title='bbox 1276 2961 1493 3008; x_wconf 78' lang='lat' dir='ltr'><strong>confines</strong></span> <span class='ocrx_word' id='word_1_295' title='bbox 1513 2957 1573 3007; x_wconf 86' lang='lat' dir='ltr'><strong>de</strong></span> <span class='ocrx_word' id='word_1_296' title='bbox 1599 2961 1785 3010; x_wconf 49' lang='lat' dir='ltr'><strong>&#39;rt-acin</strong></span> <span class='ocrx_word' id='word_1_297' title='bbox 1920 2988 1925 2996; x_wconf 89' lang='lat'><em>-</em></span> 
     </span>
     <span class='ocr_line' id='line_1_38' title="bbox 327 3019 2055 3086; baseline 0.001 -18"><span class='ocrx_word' id='word_1_298' title='bbox 327 3019 352 3054; x_wconf 82' lang='lat'>⁸</span> <span class='ocrx_word' id='word_1_299' title='bbox 387 3019 518 3077; x_wconf 74' lang='lat' dir='ltr'><strong>de</strong></span> <span class='ocrx_word' id='word_1_300' title='bbox 529 3019 877 3070; x_wconf 61' lang='lat' dir='ltr'><strong>dicamss&#39;rrata</strong></span> <span class='ocrx_word' id='word_1_301' title='bbox 896 3019 975 3068; x_wconf 89' lang='lat' dir='ltr'><strong>del</strong></span> <span class='ocrx_word' id='word_1_302' title='bbox 986 3021 1128 3070; x_wconf 89' lang='lat' dir='ltr'><strong>modo</strong></span> <span class='ocrx_word' id='word_1_303' title='bbox 1242 3020 2055 3086; x_wconf 76' lang='lat' dir='ltr'><strong>⁹Pateripsecolendi.Aqulempie-</strong></span> 
     </span>
    </p>
   </div>
   <div class='ocr_carea' id='block_1_4' title="bbox 264 3080 2051 3270">
    <p class='ocr_par' dir='ltr' id='par_1_13' title="bbox 264 3080 2051 3270">
     <span class='ocr_line' id='line_1_39' title="bbox 264 3080 2051 3149; baseline -0.001 -18"><span class='ocrx_word' id='word_1_304' title='bbox 264 3080 327 3131; x_wconf 84' lang='lat' dir='ltr'><strong>de</strong></span> <span class='ocrx_word' id='word_1_305' title='bbox 353 3081 520 3129; x_wconf 86' lang='lat' dir='ltr'><strong>cubrir</strong></span> <span class='ocrx_word' id='word_1_306' title='bbox 547 3081 595 3129; x_wconf 83' lang='lat' dir='ltr'><strong>la</strong></span> <span class='ocrx_word' id='word_1_307' title='bbox 617 3081 862 3130; x_wconf 86' lang='lat' dir='ltr'><strong>simiente.</strong></span> <span class='ocrx_word' id='word_1_308' title='bbox 1181 3098 1236 3133; x_wconf 79' lang='lat' dir='ltr'><strong>za</strong></span> <span class='ocrx_word' id='word_1_309' title='bbox 1250 3081 1533 3142; x_wconf 69' lang='lat' dir='ltr'><strong>la&#39;se&#39;guuda.</strong></span> <span class='ocrx_word' id='word_1_310' title='bbox 1552 3089 1689 3149; x_wconf 76' lang='lat' dir='ltr'><strong>parte</strong></span> <span class='ocrx_word' id='word_1_311' title='bbox 1702 3084 1765 3132; x_wconf 80' lang='lat' dir='ltr'><strong>de</strong></span> <span class='ocrx_word' id='word_1_312' title='bbox 1780 3090 1887 3133; x_wconf 79' lang='lat' dir='ltr'><strong>este</strong></span> <span class='ocrx_word' id='word_1_313' title='bbox 1899 3083 2051 3144; x_wconf 87' lang='lat' dir='ltr'><strong>libro,</strong></span> 
     </span>
     <span class='ocr_line' id='line_1_40' title="bbox 329 3141 2050 3207; baseline -0.001 -15"><span class='ocrx_word' id='word_1_314' title='bbox 329 3141 354 3178; x_wconf 77' lang='lat'><strong>⁶</strong></span> <span class='ocrx_word' id='word_1_315' title='bbox 391 3141 644 3193; x_wconf 68' lang='lat' dir='ltr'><strong>ominus.</strong></span> <span class='ocrx_word' id='word_1_316' title='bbox 680 3142 738 3204; x_wconf 84' lang='grc' dir='ltr'><strong>ᾼΙ</strong></span> <span class='ocrx_word' id='word_1_317' title='bbox 770 3147 949 3206; x_wconf 87' lang='lat' dir='ltr'><strong>punto,</strong></span> <span class='ocrx_word' id='word_1_318' title='bbox 985 3143 1130 3193; x_wconf 79' lang='lat' dir='ltr'><strong>desde</strong></span> <span class='ocrx_word' id='word_1_319' title='bbox 1180 3158 1274 3207; x_wconf 86' lang='lat' dir='ltr'><strong>que</strong></span> <span class='ocrx_word' id='word_1_320' title='bbox 1286 3141 2050 3206; x_wconf 68' lang='lat' dir='ltr'><strong>esdelorigendelaagricultura.</strong></span> 
     </span>
     <span class='ocr_line' id='line_1_41' title="bbox 1813 3224 1871 3270; baseline 0 -18"><span class='ocrx_word' id='word_1_321' title='bbox 1813 3224 1871 3270; x_wconf 65' lang='lat'><strong>4*</strong></span> 
     </span>
    </p>
   </div>
  </div>
 </body>
</html>
